3109 4825
1382 428 1461 489 23

472 593 739 653 substetit
783 594 946 671 Verg.
999 594 1141 655 Aen.
1184 596 1240 669 2,
1283 594 1404 657 739
1448 595 1548 668 (a).

472 690 940 771 Decompositum
997 691 1316 767 abscondo,
1369 692 1530 752 cuius
1592 690 1941 770 compositio
1984 709 2113 752 cum
2168 690 2343 751 verbo
2403 689 2541 752 dare

305 808 424 850 non
469 790 610 851 satis
651 791 804 851 clare
847 789 1280 869 percipiebatur,
1339 792 1451 852 iam
1491 791 1644 871 apud
1692 790 1962 849 meliores
2004 788 2303 851 latinitatis
2348 789 2537 869 scrip-

305 898 465 950 tores
510 889 748 967 perfecti
789 888 1300 968 reduplicationem
1347 889 1544 951 amisit
1587 890 1658 951 cf.

467 1003 848 1065 absconderat
884 1001 1039 1067 Curt.
1085 1003 1172 1078 Vl,
1219 1007 1275 1077 6,
1321 1004 1416 1066 30.

552 1103 977 1163 absconderant
1014 1103 1147 1163 Tac.
1193 1100 1328 1162 hist.
1373 1104 1426 1176 3,
1469 1104 1567 1167 68.

471 1198 848 1262 abscondisse
887 1200 1029 1263 Gell.
1077 1202 1172 1274 17,
1215 1202 1270 1274 9,
1322 1202 1410 1263 16.

469 1332 634 1406 Quod
691 1332 751 1392 in
794 1332 1005 1412 vulgari
1065 1331 1358 1392 inferioris
1413 1332 1617 1392 aetatis
1674 1350 1947 1394 sermone
2007 1332 2180 1392 etiam
2238 1331 2366 1392 aliis
2408 1350 2540 1392 ver-

302 1432 509 1492 borum
553 1431 692 1492 dare
735 1440 793 1492 et
826 1440 979 1492 stare
1019 1432 1099 1492 vel
1145 1430 1353 1493 sist‘6re
1397 1429 1739 1509 compositis
1781 1430 2005 1505 accidit,
2048 1431 2307 1511 quamvis
2338 1449 2541 1509 magna

233 1539 240 1544 '
303 1529 668 1610 sequentium
734 1531 1050 1591 formarum
1117 1548 1254 1609 pars
1331 1529 1526 1609 potius
1590 1549 1623 1589 e
1684 1516 2081 1592 contractione
2145 1528 2387 1610 quadam
2450 1528 2537 1589 vel

301 1628 668 1691 librariorum
711 1647 912 1690 errore
955 1628 1262 1691 derivanda
1295 1628 1581 1689 videatur:
1613 1652 1616 1654 ’

467 1745 773 1805 crederunt
816 1744 988 1807 Goth.
1032 1744 1131 1805 Ev.
1177 1748 1298 1809 460
1341 1736 1398 1805 b.
1438 1746 1494 1807 6.
1544 1745 1617 1805 cf.
1661 1743 1779 1805 ital.
1822 1743 2167 1806 crederono.

551 1842 833 1904 credisset
874 1842 1027 1905 Flor.
1075 1842 1197 1920 Dig.
1243 1845 1338 1917 70,
1386 1845 1478 1904 17.
1524 1842 1595 1903 cf.
1640 1842 1755 1903 ital.
1800 1841 2085 1903 credesse.

472 1942 662 2003 reddit
703 1940 1098 2015 (=reddidit)
1140 1940 1294 2003 Flor.
1339 1940 1463 2019 Dig.
1507 1942 1603 2015 33,
1649 1944 1707 2021 8,
1751 1944 1849 2006 23.
1891 1941 1962 2001 cf.
2004 1941 2105 2002 frc.
2155 1940 2360 2003 rendit.

393 2048 398 2052 ’
551 2040 837 2103 reddisset
881 2038 1036 2099 Flor.
1072 2038 1195 2117 Dig.
1242 2040 1340 2111 33,
1385 2042 1438 2113 8,
1479 2041 1536 2101 7.
1579 2040 1649 2100 cf.
1694 2041 1796 2101 fro.
1840 2039 2045 2115 rendit,
2090 2039 2153 2100 it.
2196 2039 2487 2103 rendesse.

471 2140 712 2201 subdisti
757 2138 912 2200 Flor.
960 2136 1082 2215 Dig.
1126 2139 1223 2210 49,
1270 2140 1362 2210 14,
1409 2140 1466 2209 3,
1507 2143 1564 2201 4.
1607 2139 1679 2200 cf.
1724 2138 1785 2199 it.
1830 2137 1979 2200 desti
2023 2140 2130 2213 (π
2146 2137 2401 2212 dedisti).

467 2238 693 2299 vendrit
737 2238 832 2299 Or.
883 2239 1044 2303 3882
1089 2237 1195 2309 (=
1211 2236 1574 2311 vendiderit).

471 2336 686 2399 constit
721 2336 771 2399 J.
813 2336 882 2399 N.
929 2338 1110 2401 3528.

470 2437 614 2498 extit
655 2437 808 2497 Flor.
849 2435 973 2514 Dig.
1022 2437 1155 2508 130,
1199 2433 1237 2496 9
1281 2433 1396 2496 Μο.

551 2535 763 2597 extisse
807 2533 960 2594 Flor.
1000 2533 1124 2614 Dig.
1166 2535 1264 2609 36,
1315 2535 1364 2608 1,
1412 2537 1503 2595 17.

469 2633 681 2714 praesti
724 2633 775 2695 J.
821 2632 886 2693 N.
929 2633 1111 2696 6313.

553 2731 798 2813 praestit
837 2731 980 2793 Mar.
1027 2729 1173 2792 [nso.
1218 2729 1345 2793 Alb.
1397 2732 1529 2804 191,
1578 2733 1627 2792 1.

637 2831 794 2893 Flor.
838 2829 961 2909 Dig.
1008 2831 1105 2902 93,
1149 2829 1228 2890 35
1271 2828 1388 2892 Μο.

471 2931 681 2993 substit
722 2931 888 3009 Verg.
937 2927 1078 2988 Aen.
1124 2931 1178 3000 8,
1223 2929 1302 2989 87
1345 2927 1475 3000 (P.).

556 3050 602 3091 v.
648 3025 1130 3104 Schuchardtium
1175 3024 1244 3098 11,
1291 3026 1651 3096 434—435;
1697 3022 1789 3096 111,
1833 3027 1971 3088 294.

355 3179 361 3185 ·
470 3163 543 3224 At
587 3180 655 3223 ex
696 3158 990 3222 contrario
1021 3158 1160 3220 haut
1199 3175 1377 3238 pauca
1419 3156 1608 3232 verba,
1648 3155 1709 3216 in
1754 3155 1863 3215 -do
1898 3155 2177 3230 exeuntia,
2219 3173 2337 3216 non
2368 3171 2537 3216 secus

305 3282 375 3324 ac
420 3263 470 3322 si
510 3279 643 3322 cnm
685 3260 824 3321 dare
866 3257 1192 3338 composita
1235 3263 1452 3331 essent,
1495 3254 1555 3316 in
1600 3241 1857 3334 perfecto
1902 3271 2021 3314 non
2056 3253 2148 3315 -di
2194 3253 2401 3327 solum,
2434 3251 2535 3312 sed

307 3360 472 3424 -dedi
515 3360 599 3420 vel
641 3357 793 3419 -didi
835 3357 1171 3424 adsumunt,
1225 3354 1389 3416 cuius
1431 3352 1815 3414 aberrationis
1858 3350 2183 3412 certissima
2226 3353 2341 3412 iam
2384 3350 2534 3429 apud

305 3449 562 3522 comicos
615 3457 826 3518 latinos
877 3455 1134 3534 exempla
1183 3454 1568 3533 reperiuntur.
1653 3451 1833 3512 Multo
1872 3458 2009 3530 post
2052 3469 2186 3512 vero
2246 3450 2323 3510 ita
2367 3466 2537 3527 prae-

307 3557 495 3632 valuit,
532 3567 596 3617 ut
637 3556 807 3618 etiam
851 3553 1124 3615 nonnulla
1167 3551 1335 3614 verba
1377 3552 1437 3612 in
1473 3553 1639 3626 -deo,
1680 3560 1741 3613 et
1775 3551 2038 3626 batt(u)o,
2081 3548 2321 3609 eandem
2362 3545 2537 3607 redu-

307 3655 636 3737 plicationis
677 3655 826 3716 viam
866 3652 1106 3714 inierint
1147 3652 1216 3712 cf.
2012 3644 2021 3654 '

473 3752 868 3814 incendederit
905 3751 1084 3813 Guelf.
1125 3749 1190 3812 L.
1230 3749 1342 3811 Sal.
1393 3749 1483 3821 16,
1528 3750 1579 3808 1.

558 3849 938 3912 incendiderit
977 3846 1056 3910 111
1099 3847 1198 3909 Te.
1244 3848 1309 3908 L.
1353 3846 1465 3908 Sal.
1509 3850 1607 3923 55,
1653 3850 1691 3910 7
1731 3845 1898 3907 Pard.

472 3947 800 4013 sundederit
838 3945 1013 4028 Epor.
1056 3946 1160 4008 Ed.
1202 3945 1428 4024 Liutpr.
1475 3947 1612 4021 152,
1660 3947 1753 4009 12.

557 4045 873 4110 sandiderit
909 4045 1089 4108 Guelf.
1128 4044 1267 4106 ibid.
