3109 4825
1197 1218 1282 1333 V
1341 1219 1657 1368 ita.-¹

466 1428 644 1488 Natus
699 1445 831 1487 sum
884 1426 1142 1489 Lubecae
1209 1444 1361 1488 anno
1417 1426 1847 1488 MDCCCXXXI
1904 1427 2169 1491 Calendis
2223 1430 2534 1510 Aprilibus,

303 1534 466 1604 patre
519 1531 758 1587 Ernesto
800 1532 1044 1597 Deeclce,
1103 1516 1506 1606 philosophiae
1562 1526 1824 1602 doctore,
1850 1565 1853 1567 v
1884 1527 1981 1606 qui
2020 1537 2236 1608 postea
2300 1538 2535 1610 quartae

303 1625 362 1685 in
391 1625 737 1686 Catharineo
767 1625 1089 1687 Lubecensi
1111 1627 1478 1705 professurae
1505 1644 1762 1689 ,munere
1804 1626 2032 1687 functus
2075 1636 2180 1690 est.
2253 1628 2341 1691 Ab
2378 1642 2532 1690 anno

302 1722 800 1785 MDCCCXXXVH
832 1725 1158 1787 Catharinei
1199 1726 1412 1787 classes
1455 1725 1853 1787 elementarias
1896 1735 1955 1787 et
1994 1728 2372 1806 gymnasiales
2414 1730 2533 1789 fre-

303 1824 595 1904 quentavi,
660 1823 946 1885 directore
999 1830 1097 1889 Fr.
1142 1830 1384 1895 Jacobo,
1453 1823 1615 1885 cuius
1669 1824 2009 1911 memoriam
2063 1827 2249 1888 adhuc
2288 1846 2533 1890 summa

303 1942 434 1984 cum
479 1923 690 2002 pietate
733 1931 790 1983 et
833 1923 1168 2002 gratissimo
1213 1923 1407 1984 animo
1452 1942 1796 2004 prosequor.
1860 1924 2027 1985 Anno
2053 1926 2533 1989 MDCCCXLVIII

302 2022 555 2103 Lipsiam
593 2042 687 2083 me
726 2022 970 2103 contuli,
1015 2030 1080 2083 ut
1117 2022 1465 2104 philologiae
1507 2022 1699 2098 studio
1743 2041 1977 2102 operam
2018 2026 2233 2101 darem,
2290 2034 2349 2088 et
2375 2027 2534 2089 viros

301 2123 384 2184 lll.
433 2128 774 2202 Hauptium,
857 2127 1158 2192 amnium,
1246 2129 1781 2193 Weslermannium‚
1862 2129 2308 2187 Brockhausium
2387 2126 2535 2188 alios

302 2222 510 2284 audivi.
596 2221 735 2282 Inde
775 2231 912 2301 post
957 2222 1064 2281 tria
1110 2222 1408 2283 semestria
1453 2222 1789 2283 Berolinum
1828 2215 2007 2301 'petivi
2068 2222 2259 2303 ibique
2316 2225 2545 2307 scholis

303 2324 569 2384 virorum·
604 2321 686 2383 ll·l.
723 2325 1009 2397 Boeclchii,
1058 2326 1256 2393 Curtii,
1301 2328 1538 2392 Her-azia
1584 2326 1651 2384 G.
1698 2326 1980 2392 Grimmii,
2024 2328 2250 2401 Boppii,
2304 2330 2535 2395 Weberi,

304 2430 525 2504 Lepsii,
578 2427 835 2497 Samnii,
883 2427 1394 2498 Trendelenburqii,
1433 2427 1663 2492 Rankizz
1708 2423 2204 2485 Ritleri.aliorum
2247 2425 2534 2486 acerrimo

304 2523 496 2584 studio
542 2521 790 2584 interfui.
826 2520 994 2598 Anno
1039 2521 1268 2600 demum
1296 2518 1652 2582 MDCCCLII
1685 2522 1920 2598 militiae
1963 2523 2332 2585 sustinendae
2368 2542 2536 2584 causa

306 2622 363 2682 in
410 2620 654 2700 patriam
691 2639 956 2682 reversus
1001 2639 1032 2680 e
1063 2625 1160 2682 Fr.
1187 2625 1390 2681 Jacobi
1433 2619 1640 2680 morbo
1685 2621 1895 2682 infelici
1943 2623 2307 2684 occasionem
2351 2622 2537 2696 habui,
2578 2697 2584 2704 .

305 2739 411 2800 per
452 2739 658 2781 novem
703 2721 822 2781 fere
863 2738 1092 2780 menses
1134 2719 1193 2778 in
1233 2718 1416 2798 prima
1458 2720 1741 2797 gymnasii
1780 2723 1963 2807 classe
2020 2721 2281 2784 docendi.
2368 2721 2535 2784 Exim

307 2839 489 2882 mens.
531 2821 657 2883 Oct.
701 2819 836 2881 anni
864 2816 1233 2880 MDCCCLIV
1277 2817 1533 2878 scholam
1564 2817 1939 2895 Ernestinam-
1975 2821 2285 2900 puellarem
2330 2841 2535 2903 regen-

305 2921 434 2981 dam
493 2919 747 2999 suscepi‚
814 2920 905 2980 cui
972 2918 1167 2979 adhuc·
1213 2934 1498 2997 praesum.
1586 2917 1844 2999 Denique
1908 2939 2061 2982 anno
2115 2921 2538 2984 MDCCCLXlV

305 3018 512 3080 civium
558 3020 751 3080 favore
793 3019 853 3080 in
897 3006 1187 3079 summum
1217 3017 1687 3079 scholarcharum
1718 3019 2023 3099 collegium
2053 3024 2357 3101 cooptatus
2387 3041 2534 3084 sum.

307 3119 473 3194 Quod
520 3120 579 3180 in
623 3127 778 3180 tanta
810 3119 959 3180 vitae
1002 3117 1374 3179 contentione
1418 3117 1523 3178 otii
1566 3113 1808 3180 nanctus
1841 3137 1987 3196 sum,
2033 3120 2090 3182 id
2118 3121 2537 3200 comparativae

303 3218 710 3300 grammaticae
751 3219 945 3282 studio
991 3217 1190 3282 dicavi.
1948 3205 1954 3210 ’
