3109 4825
1303 442 1378 502 17

221 622 464 683 quacum
508 603 724 684 optime
768 612 824 664 et
862 623 1062 684 graeca
1108 606 1262 668 ἄταν
1303 627 1411 687 pro
1457 608 1613 679 ἆτος
1665 608 1751 681 (ut
1794 610 1957 683 ἅμεν
2000 624 2107 686 pro
2153 608 2336 687 ἅμες)
2402 618 2461 673 et

221 703 450 781 gothica
493 711 590 765 uts
631 722 740 783 pro
781 711 957 779 ustam,
1000 704 1174 767 etiam
1223 705 1512 767 bactriana
1555 706 1840 793 secundae
1870 706 2052 767 dualis
2079 708 2455 789 Atmanepadi

221 802 744 864 terminatio-{tare
787 809 1158 881 pro—astas-e
1212 804 1573 867 conveniunt.
1675 805 1889 867 Contra
1932 824 2133 884 graeca
2175 808 2457 869 secundae

221 900 366 979 plur.
411 896 891 963 terminatio-fite
933 904 1031 976 (cf.
1074 904 1190 965 ital.
1216 906 1387 978 -ste)‚
1431 922 1560 964 cum
1624 904 1969 983 germanicis
2014 905 2273 967 eiusdem
2318 925 2455 986 per-

223 1019 401 1061 sonae
441 1001 676 1074 formis,
721 1001 843 1062 scil.
889 1002 1127 1088 gothica
1161 992 1237 1064 ut‘
1262 1049 1277 1076 ,
1338 1001 1554 1080 boreali
1600 991 1690 1063 ud‘
1742 1003 1847 1073 (=
1862 992 1965 1077 ut‘)
2025 1010 2083 1063 et
2132 1005 2455 1082 germanica

222 1107 413 1159 vetere
458 1107 519 1160 ut
559 1104 664 1173 (=
678 1099 778 1176 ud)
825 1101 1140 1162 secundum
1188 1101 1456 1162 Grimmii
1509 1102 1696 1181 legem
1751 1100 1969 1179 optime
2025 1120 2454 1187 congruenS,-s

224 1198 480 1277 priorem
527 1197 664 1259 olim
711 1198 824 1259 iam
869 1199 1002 1259 elidi
1061 1200 1292 1262 solitam
1350 1220 1480 1261 esse
1546 1207 2003 1269 commonstrat3
2064 1201 2214 1263 unde
2274 1202 2455 1281 magis

223 1298 544 1359 veneranda
587 1297 794 1359 latinae
837 1298 1058 1361 formae
1103 1298 1230 1362 istis
1273 1287 1582 1380 antiquitas
1624 1298 1926 1377 profulget.

387 1397 586 1457 Restat
641 1396 808 1458 tertia
869 1398 1013 1478 plur.
1072 1416 1350 1476 persona,
1405 1397 1569 1458 cuius
1622 1396 1953 1457 terminatio
2003 1396 2322 1478 primitiva,
2392 1408 2455 1460 ut

225 1493 510 1555 secundae
551 1494 712 1573 sing„
755 1495 1102 1575 reduplicata
1161 1496 1337 1557 fuisse
1377 1496 1627 1570 videtur,
1684 1514 1891 1574 nempe
1934 1503 2131 1557 antant
2174 1496 2242 1558 cs.
2285 1515 2454 1576 prae-

229 1594 409 1654 sentis
463 1593 930 1656 terminationem
985 1595 1101 1655 anti
1157 1605 1217 1656 et
1259 1594 1579 1675 imperfecti
1622 1604 1681 1655 et
1721 1594 2071 1655 aoristorum
2116 1602 2228 1656 ant.
2316 1596 2447 1657 Ple-

226 1692 466 1753 nissima
511 1694 711 1754 saltem
755 1702 813 1754 et
853 1693 1250 1773 antiquissima
1309 1694 1514 1755 latinae
1555 1692 1780 1772 linguae
1823 1692 2009 1755 forma
2051 1704 2223 1756 eront
2268 1732 2349 1739 —
2381 1696 2452 1756 cf.

226 1790 511 1853 dederont
585 1801 625 1853 t.
683 1793 889 1854 Veron.
962 1793 1083 1867 (Or.
1139 1796 1300 1858 3147
1309 1807 1356 1868 );
1429 1794 1688 1853 fecerent
1756 1792 1983 1853 MalvaS.
2034 1792 2236 1857 Marm.
2304 1794 2453 1857 Fels.

114 1916 124 1927 ·
228 1894 366 1965 306,
412 1893 476 1967 63
530 1890 916 1970 probaverunt
958 1892 1153 1965 Quint.
1201 1892 1244 1967 Ι,
1285 1904 1341 1965 4,
1392 1895 1465 1956 16
1502 1924 1588 1939 ο--
1626 1891 1967 1951 vetustiores
2012 1893 2226 1954 formas
2270 1902 2455 1968 esunt,

229 1998 456 2066 ensont,
498 1999 702 2052 entont
743 1990 997 2070 postulat
1039 1990 1109 2050 cl'.
1154 1991 1565 2052 vicesimus=
1591 1991 1951 2053 vicensumas
1996 1991 2057 2064 (t.
2085 1992 2345 2069 Genuat.)
2378 2020 2453 2043 =

231 2090 708 2163 (vicent-tumus)
735 2116 819 2139 =
860 2108 1044 2151 sansc.
1095 2090 1580 2169 vinca(n)titamas
1608 2096 1715 2151 etc.
1760 2088 1923 2169 Apud
1964 2090 2239 2153 classicos
2286 2096 2338 2163 ὃ,
2385 2102 2447 2153 ut

228 2190 286 2251 in
331 2190 654 2269 praesentis
724 2200 1015 2270 tempore,
1083 2190 1190 2250 nisi
1246 2189 1620 2250 antecedente
1677 2208 1751 2268 qu
1792 2189 1877 2249 vel
1920 2207 1979 2263 v,
2034 2189 2245 2269 ubique
2296 2191 2359 2253 in
2416 2196 2453 2253 ii
2542 2233 2547 2239 -

228 2290 530 2352 obscurata
585 2289 888 2351 invenitur.
978 2289 1218 2363 Graeca,
1283 2288 1575 2349 bactriana
1631 2306 1737 2348 nec
1780 2306 1898 2349 non
1953 2287 2207 2349 umbrica
2264 2288 2454 2367 lingua

227 2389 571 2471 posterioris
637 2396 857 2451 tantum
924 2387 1166 2468 syllabae
1228 2387 1480 2450 vocalem
1542 2386 1931 2464 retinuerunt,
1998 2386 2257 2467 priorem
2319 2408 2453 2451 vero

231 2488 422 2564 simili,
469 2508 582 2569 quo
626 2489 816 2561 latiu'a,
862 2487 1040 2549 modo
1085 2487 1486 2548 mutilaverunt
1530 2507 1577 2547 v.
1606 2484 1738 2560 ἇσι,
1787 2498 1901 2562 are,
1942 2505 2051 2548 uso
2084 2506 2133 2549 v.
2158 2506 2207 2549 c.
2232 2487 2451 2550 benuso

226 2615 311 2638 =
356 2595 665 2663 venerunt;
738 2598 1049 2648 covortuso
1108 2613 1194 2636 =
1249 2592 1659 2646 converterunt
1682 2593 1792 2646 etc.
1855 2583 1948 2659 (K.
2008 2586 2073 2647 A.
2136 2590 2188 2654 1,
2248 2589 2327 2651 82
2398 2594 2456 2647 et

234 2687 518 2761 143—6).
565 2685 801 2748 Ceterae
828 2686 1058 2764 linguae
1084 2684 1468 2764 posteriorem
1511 2683 1939 2745 terminationis
1962 2692 2185 2763 partem
2214 2684 2453 2745 omnino

226 2785 558 2847 abiecerunt
627 2803 692 2845 ac
756 2803 826 2844 ne
895 2785 1150 2863 priorem
1233 2781 1462 2862 quidem
1526 2781 1807 2860 integram
1870 2785 2261 2856 servaverunt,
2322 2801 2451 2842 narn

229 2884 510 2946 sanserita
553 2895 652 2944 ant
695 2884 754 2944 in
798 2889 864 2946 us
909 2877 1237 2952 obscuravit
1278 2883 1372 2956 (cf.
1411 2880 1598 2943 umbr.
1638 2883 1817 2958 us-o),
1854 2880 2083 2960 gothica
2128 2890 2187 2942 et
2226 2897 2454 2960 germa-

230 2985 358 3045 nica
392 2991 551 3045 vetus
594 2983 652 3043 in
679 2987 772 3058 un,
814 2982 1062 3043 borealis
1104 2981 1164 3042 in
1189 2984 1246 3042 ii.
1289 2981 1499 3040 Verum
1541 2980 1711 3041 etiam
1754 2981 1928 3042 latina
1971 2979 2177 3058 lingua,
2210 2980 2454 3041 maxime

230 3083 475 3161 vulgaris
523 3081 816 3142 inferioris
857 3081 1060 3142 aetatis
1115 3097 1335 3152 serm0‚
1391 3078 1713 3157 pleniorem
1768 3079 1938 3140 huius
1995 3097 2277 3159 personae
2334 3087 2454 3140 ter-

229 3180 642 3256 minationem,
702 3190 766 3242 ut
829 3180 1028 3240 tertiae
1091 3179 1264 3256 sing„
1328 3176 1480 3238 varie
1542 3188 1600 3237 et
1662 3176 1974 3239 attenuavit
2032 3187 2090 3237 et
2153 3177 2454 3241 hebetavit.

228 3281 608 3360 Reperiuntur
652 3280 805 3341 enim
850 3279 1098 3339 formae:

290 3385 516 3441 erunt
557 3379 670 3440 iam
715 3379 864 3458 apud
909 3377 1163 3456 optimos
1205 3393 1412 3436 aureae
1454 3373 1659 3435 aetatis
1701 3383 1903 3453 poetas
1966 3383 2023 3434 et
2084 3371 2457 3452 probabiliter

561 3478 731 3539 etiam
773 3483 1053 3536 oratores
1469 3487 1477 3494 ·

287 3576 508 3649 irunt,
550 3576 885 3654 plerumque
927 3584 1085 3634 certe
1126 3579 1389 3651 correpta
1425 3577 1454 3633 1
1495 3569 1949 3650 pronuntianda:

564 3674 808 3735 fecirunt
848 3671 1022 3732 Rossi
1065 3671 1116 3732 J.
1163 3672 1318 3743 545,
1371 3673 1544 3732 1292.
1592 3669 1795 3730 Guasc.
1842 3668 1982 3728 Mus
2028 3667 2163 3747 Cap.
2204 3668 2324 3730 975
2369 3686 2455 3747 sq.

651 3772 723 3834 cf.
768 3771 938 3832 etiam
984 3770 1152 3831 Pard.
1199 3769 1341 3848 App.
1387 3770 1442 3840 9,
1484 3773 1538 3827 4.

569 3870 872 3950 posuirunt
923 3868 1134 3929 Renier
1185 3867 1234 3928 J.
1278 3867 1344 3928 A.
1391 3869 1587 3942 42743
1640 3865 1787 3926 Insc.
1832 3884 1923 3944 ap.
1970 3866 2106 3926 Mar.
2149 3882 2274 3943 pap.
2320 3863 2458 3943 dipl.

656 3971 772 4031 120
815 3977 899 4047 sq.

567 4066 817 4128 vixirunt
855 4066 906 4129 J.
950 4064 1018 4127 N.
1060 4066 1238 4129 7233.
2092 4158 2123 4210 2
