<?xml version="1.0" encoding="UTF-8"?>
<!DOCTYPE html PUBLIC "-//W3C//DTD XHTML 1.0 Transitional//EN"
    "http://www.w3.org/TR/xhtml1/DTD/xhtml1-transitional.dtd">
<html xmlns="http://www.w3.org/1999/xhtml" xml:lang="en" lang="en">
 <head>
  <title>
</title>
<meta http-equiv="Content-Type" content="text/html;charset=utf-8" />
  <meta name='ocr-system' content='tesseract 3.04.00' />
  <meta name='ocr-capabilities' content='ocr_page ocr_carea ocr_par ocr_line ocrx_word'/>
</head>
<body>
  <div class='ocr_page' id='page_1' title='image "./dereduplicatola00deecgoog_0011.png"; bbox 0 0 3109 4825; ppageno 0'>
   <div class='ocr_carea' id='block_1_1' title="bbox 1390 416 1428 477">
    <p class='ocr_par' dir='ltr' id='par_1_1' title="bbox 1390 416 1428 477">
     <span class='ocr_line' id='line_1_1' title="bbox 1390 416 1428 477; baseline 0 0"><span class='ocrx_word' id='word_1_1' title='bbox 1390 416 1428 477; x_wconf 87' lang='grc'><strong>9</strong></span> 
     </span>
    </p>
   </div>
   <div class='ocr_carea' id='block_1_2' title="bbox 295 559 2522 857">
    <p class='ocr_par' dir='ltr' id='par_1_2' title="bbox 295 559 2522 857">
     <span class='ocr_line' id='line_1_2' title="bbox 295 559 934 651; baseline 0.006 -17"><span class='ocrx_word' id='word_1_2' title='bbox 295 559 636 649; x_wconf 50' lang='lat' dir='ltr'><strong>(abacista</strong></span> <span class='ocrx_word' id='word_1_3' title='bbox 679 577 934 651; x_wconf 86' lang='lat' dir='ltr'><strong>confido)</strong></span> 
     </span>
     <span class='ocr_line' id='line_1_3' title="bbox 462 667 2251 755; baseline 0.001 -20"><span class='ocrx_word' id='word_1_4' title='bbox 462 676 532 736; x_wconf 84' lang='lat' dir='ltr'><strong>cf.</strong></span> <span class='ocrx_word' id='word_1_5' title='bbox 577 695 667 755; x_wconf 86' lang='lat' dir='ltr'><strong>ep.</strong></span> <span class='ocrx_word' id='word_1_6' title='bbox 714 676 924 755; x_wconf 83' lang='lat' dir='ltr'><strong>qupst.</strong></span> <span class='ocrx_word' id='word_1_7' title='bbox 971 667 1357 753; x_wconf 75' lang='grc' dir='ltr'><em>ἐπέπιθμεν</em></span> <span class='ocrx_word' id='word_1_8' title='bbox 1400 678 1465 739; x_wconf 94' lang='grc' dir='ltr'><strong>ΙΙ.</strong></span> <span class='ocrx_word' id='word_1_9' title='bbox 1510 678 1555 754; x_wconf 85' lang='grc' dir='ltr'>β</span> <span class='ocrx_word' id='word_1_10' title='bbox 1599 680 1748 749; x_wconf 84' lang='grc'><strong>341;</strong></span> <span class='ocrx_word' id='word_1_11' title='bbox 1792 671 1833 735; x_wconf 79' lang='grc' dir='ltr'><em>δ</em></span> <span class='ocrx_word' id='word_1_12' title='bbox 1882 678 2029 752; x_wconf 81' lang='grc'><strong>159;</strong></span> <span class='ocrx_word' id='word_1_13' title='bbox 2077 670 2116 749; x_wconf 86' lang='grc' dir='ltr'><strong><em>ξ</em></strong></span> <span class='ocrx_word' id='word_1_14' title='bbox 2154 677 2251 737; x_wconf 89' lang='grc'><strong>55.</strong></span> 
     </span>
     <span class='ocr_line' id='line_1_4' title="bbox 461 771 2522 857; baseline -0.001 -22"><span class='ocrx_word' id='word_1_15' title='bbox 461 774 682 835; x_wconf 89' lang='lat' dir='ltr'><strong>Maior</strong></span> <span class='ocrx_word' id='word_1_16' title='bbox 695 776 896 836; x_wconf 87' lang='lat' dir='ltr'><strong>harum</strong></span> <span class='ocrx_word' id='word_1_17' title='bbox 949 776 1268 839; x_wconf 80' lang='lat' dir='ltr'><strong>formarum</strong></span> <span class='ocrx_word' id='word_1_18' title='bbox 1323 797 1456 857; x_wconf 89' lang='lat' dir='ltr'><strong>pars</strong></span> <span class='ocrx_word' id='word_1_19' title='bbox 1521 797 1554 837; x_wconf 93' lang='lat' dir='ltr'><strong>e</strong></span> <span class='ocrx_word' id='word_1_20' title='bbox 1596 776 1805 856; x_wconf 82' lang='lat' dir='ltr'><strong>poetici</strong></span> <span class='ocrx_word' id='word_1_21' title='bbox 1861 775 2153 836; x_wconf 85' lang='lat' dir='ltr'><strong>sermonis</strong></span> <span class='ocrx_word' id='word_1_22' title='bbox 2194 771 2419 835; x_wconf 84' lang='lat' dir='ltr'><strong>licentia</strong></span> <span class='ocrx_word' id='word_1_23' title='bbox 2465 780 2522 833; x_wconf 86' lang='lat' dir='ltr'><strong>et</strong></span> 
     </span>
    </p>
   </div>
   <div class='ocr_carea' id='block_1_3' title="bbox 157 872 2524 953">
    <p class='ocr_par' dir='ltr' id='par_1_3' title="bbox 157 872 2524 953">
     <span class='ocr_line' id='line_1_5' title="bbox 157 872 2524 953; baseline 0 -22"><span class='ocrx_word' id='word_1_24' title='bbox 157 920 167 931; x_wconf 91' lang='lat'><strong>.</strong></span> <span class='ocrx_word' id='word_1_25' title='bbox 295 874 540 952; x_wconf 87' lang='lat' dir='ltr'><strong>vulgaris</strong></span> <span class='ocrx_word' id='word_1_26' title='bbox 568 874 1056 953; x_wconf 81' lang='lat' dir='ltr'><strong>pronuntiationis</strong></span> <span class='ocrx_word' id='word_1_27' title='bbox 1077 877 1365 938; x_wconf 81' lang='lat' dir='ltr'><strong>celeritate</strong></span> <span class='ocrx_word' id='word_1_28' title='bbox 1394 877 1697 938; x_wconf 85' lang='lat' dir='ltr'><strong>derivanda</strong></span> <span class='ocrx_word' id='word_1_29' title='bbox 1742 875 1995 948; x_wconf 62' lang='lat' dir='ltr'><strong>videtum</strong></span> <span class='ocrx_word' id='word_1_30' title='bbox 2037 873 2330 953; x_wconf 84' lang='lat' dir='ltr'><strong>quaedam,</strong></span> <span class='ocrx_word' id='word_1_31' title='bbox 2373 872 2524 933; x_wconf 87' lang='lat' dir='ltr'><strong>velut</strong></span> 
     </span>
    </p>
   </div>
   <div class='ocr_carea' id='block_1_4' title="bbox 294 965 2524 3729">
    <p class='ocr_par' dir='ltr' id='par_1_4' title="bbox 294 965 2521 1931">
     <span class='ocr_line' id='line_1_6' title="bbox 300 965 2521 1053; baseline 0 -22"><span class='ocrx_word' id='word_1_32' title='bbox 300 965 587 1051; x_wconf 80' lang='grc' dir='ltr'><em>δέδιμεν,</em></span> <span class='ocrx_word' id='word_1_33' title='bbox 645 973 892 1036; x_wconf 82' lang='lat' dir='ltr'><strong>fortasse</strong></span> <span class='ocrx_word' id='word_1_34' title='bbox 946 976 1264 1053; x_wconf 82' lang='lat' dir='ltr'><strong>praesentis</strong></span> <span class='ocrx_word' id='word_1_35' title='bbox 1323 977 1627 1038; x_wconf 85' lang='lat' dir='ltr'><strong>verborum</strong></span> <span class='ocrx_word' id='word_1_36' title='bbox 1674 975 1733 1036; x_wconf 90' lang='lat' dir='ltr'><strong>in</strong></span> <span class='ocrx_word' id='word_1_37' title='bbox 1779 993 1887 1050; x_wconf 82' lang='grc' dir='ltr'><strong>-μι</strong></span> <span class='ocrx_word' id='word_1_38' title='bbox 1935 972 2251 1051; x_wconf 82' lang='lat' dir='ltr'>analogiam</span> <span class='ocrx_word' id='word_1_39' title='bbox 2292 980 2521 1032; x_wconf 88' lang='lat' dir='ltr'><strong>secutae</strong></span> 
     </span>
     <span class='ocr_line' id='line_1_7' title="bbox 296 1058 2519 1152; baseline -0.001 -19"><span class='ocrx_word' id='word_1_40' title='bbox 296 1082 464 1143; x_wconf 70' lang='lat' dir='ltr'><strong>suntz</strong></span> <span class='ocrx_word' id='word_1_41' title='bbox 511 1058 720 1133; x_wconf 74' lang='grc' dir='ltr'><em>οἶσθα</em></span> <span class='ocrx_word' id='word_1_42' title='bbox 763 1074 950 1135; x_wconf 89' lang='lat' dir='ltr'><strong>solum</strong></span> <span class='ocrx_word' id='word_1_43' title='bbox 1006 1083 1064 1136; x_wconf 84' lang='lat' dir='ltr'><strong>et</strong></span> <span class='ocrx_word' id='word_1_44' title='bbox 1117 1064 1307 1151; x_wconf 76' lang='grc' dir='ltr'><em>ἴσμεν</em></span> <span class='ocrx_word' id='word_1_45' title='bbox 1351 1064 1589 1152; x_wconf 71' lang='grc' dir='ltr'>(ἴδμεν)</span> <span class='ocrx_word' id='word_1_46' title='bbox 1648 1093 1777 1136; x_wconf 88' lang='lat' dir='ltr'><strong>cum</strong></span> <span class='ocrx_word' id='word_1_47' title='bbox 1832 1073 2036 1133; x_wconf 82' lang='lat' dir='ltr'><strong>formis</strong></span> <span class='ocrx_word' id='word_1_48' title='bbox 2093 1070 2391 1131; x_wconf 81' lang='lat' dir='ltr'><strong>sanseritis</strong></span> <span class='ocrx_word' id='word_1_49' title='bbox 2447 1070 2519 1131; x_wconf 88' lang='lat' dir='ltr'><strong>ad</strong></span> 
     </span>
     <span class='ocr_line' id='line_1_8' title="bbox 294 1170 2520 1254; baseline -0.001 -21"><span class='ocrx_word' id='word_1_50' title='bbox 294 1172 520 1233; x_wconf 82' lang='lat' dir='ltr'><strong>literam</strong></span> <span class='ocrx_word' id='word_1_51' title='bbox 547 1185 873 1254; x_wconf 83' lang='lat' dir='ltr'><strong>congruunt</strong></span> <span class='ocrx_word' id='word_1_52' title='bbox 910 1184 970 1236; x_wconf 84' lang='lat' dir='ltr'><strong>et</strong></span> <span class='ocrx_word' id='word_1_53' title='bbox 1011 1174 1124 1235; x_wconf 89' lang='lat' dir='ltr'><strong>iam</strong></span> <span class='ocrx_word' id='word_1_54' title='bbox 1167 1186 1300 1236; x_wconf 87' lang='lat' dir='ltr'><strong>ante</strong></span> <span class='ocrx_word' id='word_1_55' title='bbox 1345 1173 1845 1252; x_wconf 83' lang='lat' dir='ltr'><strong>indogermauicae</strong></span> <span class='ocrx_word' id='word_1_56' title='bbox 1890 1170 2141 1233; x_wconf 87' lang='lat' dir='ltr'><strong>nationis</strong></span> <span class='ocrx_word' id='word_1_57' title='bbox 2182 1170 2520 1231; x_wconf 86' lang='lat' dir='ltr'><strong>dissolutio·</strong></span> 
     </span>
     <span class='ocr_line' id='line_1_9' title="bbox 297 1270 2519 1353; baseline -0.001 -21"><span class='ocrx_word' id='word_1_58' title='bbox 297 1291 432 1333; x_wconf 89' lang='lat' dir='ltr'><strong>nem</strong></span> <span class='ocrx_word' id='word_1_59' title='bbox 475 1272 536 1333; x_wconf 86' lang='lat' dir='ltr'><strong>in</strong></span> <span class='ocrx_word' id='word_1_60' title='bbox 577 1291 743 1335; x_wconf 86' lang='lat' dir='ltr'><strong>usum</strong></span> <span class='ocrx_word' id='word_1_61' title='bbox 784 1274 1010 1335; x_wconf 86' lang='lat' dir='ltr'><strong>venisse</strong></span> <span class='ocrx_word' id='word_1_62' title='bbox 1053 1274 1328 1335; x_wconf 82' lang='lat' dir='ltr'><strong>videntur.</strong></span> <span class='ocrx_word' id='word_1_63' title='bbox 1412 1275 1538 1334; x_wconf 90' lang='lat' dir='ltr'><strong>Non</strong></span> <span class='ocrx_word' id='word_1_64' title='bbox 1597 1274 1769 1353; x_wconf 84' lang='lat' dir='ltr'><strong>igitur</strong></span> <span class='ocrx_word' id='word_1_65' title='bbox 1822 1272 1895 1332; x_wconf 90' lang='lat' dir='ltr'><strong>iis</strong></span> <span class='ocrx_word' id='word_1_66' title='bbox 1952 1270 2219 1332; x_wconf 75' lang='lat' dir='ltr'><strong>assentiri</strong></span> <span class='ocrx_word' id='word_1_67' title='bbox 2262 1289 2519 1349; x_wconf 89' lang='lat' dir='ltr'><strong>possum,</strong></span> 
     </span>
     <span class='ocr_line' id='line_1_10' title="bbox 300 1368 2521 1451; baseline -0.001 -19"><span class='ocrx_word' id='word_1_68' title='bbox 300 1371 414 1451; x_wconf 87' lang='lat' dir='ltr'><strong>qui,</strong></span> <span class='ocrx_word' id='word_1_69' title='bbox 456 1372 692 1450; x_wconf 84' lang='lat' dir='ltr'><strong>perfecti</strong></span> <span class='ocrx_word' id='word_1_70' title='bbox 735 1372 946 1451; x_wconf 86' lang='lat' dir='ltr'><strong>passivi</strong></span> <span class='ocrx_word' id='word_1_71' title='bbox 989 1373 1099 1447; x_wconf 83' lang='lat' dir='ltr'><strong>(vel</strong></span> <span class='ocrx_word' id='word_1_72' title='bbox 1132 1373 1332 1447; x_wconf 90' lang='lat' dir='ltr'><strong>medii)</strong></span> <span class='ocrx_word' id='word_1_73' title='bbox 1375 1372 1562 1451; x_wconf 84' lang='lat' dir='ltr'><strong>graeci</strong></span> <span class='ocrx_word' id='word_1_74' title='bbox 1611 1373 1813 1433; x_wconf 81' lang='lat' dir='ltr'><strong>formis</strong></span> <span class='ocrx_word' id='word_1_75' title='bbox 1856 1371 2090 1445; x_wconf 81' lang='lat' dir='ltr'><strong>inducti,</strong></span> <span class='ocrx_word' id='word_1_76' title='bbox 2138 1370 2311 1431; x_wconf 86' lang='lat' dir='ltr'><strong>etiam</strong></span> <span class='ocrx_word' id='word_1_77' title='bbox 2354 1368 2521 1431; x_wconf 84' lang='lat' dir='ltr'><strong>activi</strong></span> 
     </span>
     <span class='ocr_line' id='line_1_11' title="bbox 298 1470 2519 1550; baseline -0.001 -19"><span class='ocrx_word' id='word_1_78' title='bbox 298 1472 612 1550; x_wconf 86' lang='lat' dir='ltr'><strong>perfectum</strong></span> <span class='ocrx_word' id='word_1_79' title='bbox 641 1472 819 1533; x_wconf 89' lang='lat' dir='ltr'><strong>vocali</strong></span> <span class='ocrx_word' id='word_1_80' title='bbox 859 1472 1216 1533; x_wconf 85' lang='lat' dir='ltr'><strong>coniunctiva</strong></span> <span class='ocrx_word' id='word_1_81' title='bbox 1260 1473 1396 1533; x_wconf 87' lang='lat' dir='ltr'><strong>olim</strong></span> <span class='ocrx_word' id='word_1_82' title='bbox 1443 1473 1699 1533; x_wconf 80' lang='lat' dir='ltr'><strong>caruisse</strong></span> <span class='ocrx_word' id='word_1_83' title='bbox 1740 1471 2119 1545; x_wconf 81' lang='lat' dir='ltr'><strong>contendunt3</strong></span> <span class='ocrx_word' id='word_1_84' title='bbox 2163 1470 2343 1531; x_wconf 87' lang='lat' dir='ltr'><strong>immo</strong></span> <span class='ocrx_word' id='word_1_85' title='bbox 2386 1487 2519 1529; x_wconf 90' lang='lat' dir='ltr'><strong>san-</strong></span> 
     </span>
     <span class='ocr_line' id='line_1_12' title="bbox 299 1570 2519 1652; baseline 0 -23"><span class='ocrx_word' id='word_1_86' title='bbox 299 1570 456 1630; x_wconf 83' lang='lat' dir='ltr'><strong>scriti</strong></span> <span class='ocrx_word' id='word_1_87' title='bbox 504 1579 563 1631; x_wconf 86' lang='lat' dir='ltr'><strong>et</strong></span> <span class='ocrx_word' id='word_1_88' title='bbox 605 1570 884 1633; x_wconf 83' lang='lat' dir='ltr'><strong>bactriani</strong></span> <span class='ocrx_word' id='word_1_89' title='bbox 925 1573 1306 1652; x_wconf 76' lang='lat' dir='ltr'><strong>Atmanepadi</strong></span> <span class='ocrx_word' id='word_1_90' title='bbox 1341 1573 1402 1646; x_wconf 90' lang='lat' dir='ltr'><strong>(i.</strong></span> <span class='ocrx_word' id='word_1_91' title='bbox 1425 1594 1473 1634; x_wconf 85' lang='lat' dir='ltr'><strong>e.</strong></span> <span class='ocrx_word' id='word_1_92' title='bbox 1503 1573 1700 1644; x_wconf 86' lang='lat' dir='ltr'><strong>Medii)</strong></span> <span class='ocrx_word' id='word_1_93' title='bbox 1735 1570 2091 1649; x_wconf 84' lang='lat' dir='ltr'><strong>comparatio</strong></span> <span class='ocrx_word' id='word_1_94' title='bbox 2138 1571 2277 1631; x_wconf 85' lang='lat' dir='ltr'><strong>satis</strong></span> <span class='ocrx_word' id='word_1_95' title='bbox 2320 1578 2519 1631; x_wconf 88' lang='lat' dir='ltr'><strong>osten-</strong></span> 
     </span>
     <span class='ocr_line' id='line_1_13' title="bbox 295 1669 2521 1752; baseline 0 -23"><span class='ocrx_word' id='word_1_96' title='bbox 295 1669 396 1742; x_wconf 90' lang='lat' dir='ltr'><strong>dit,</strong></span> <span class='ocrx_word' id='word_1_97' title='bbox 432 1669 722 1748; x_wconf 85' lang='lat' dir='ltr'><strong>passivum</strong></span> <span class='ocrx_word' id='word_1_98' title='bbox 749 1690 975 1750; x_wconf 88' lang='lat' dir='ltr'><strong>quoque</strong></span> <span class='ocrx_word' id='word_1_99' title='bbox 997 1689 1234 1750; x_wconf 83' lang='lat' dir='ltr'><strong>graecae</strong></span> <span class='ocrx_word' id='word_1_100' title='bbox 1266 1672 1491 1752; x_wconf 80' lang='lat' dir='ltr'><strong>linguae</strong></span> <span class='ocrx_word' id='word_1_101' title='bbox 1524 1675 1840 1751; x_wconf 83' lang='lat' dir='ltr'><strong>perfectum</strong></span> <span class='ocrx_word' id='word_1_102' title='bbox 1866 1670 2097 1732; x_wconf 89' lang='lat' dir='ltr'><strong>demum</strong></span> <span class='ocrx_word' id='word_1_103' title='bbox 2123 1680 2261 1749; x_wconf 78' lang='lat' dir='ltr'><strong>post</strong></span> <span class='ocrx_word' id='word_1_104' title='bbox 2286 1688 2521 1749; x_wconf 83' lang='lat' dir='ltr'><strong>graecae</strong></span> 
     </span>
     <span class='ocr_line' id='line_1_14' title="bbox 294 1768 2521 1849; baseline 0 -20"><span class='ocrx_word' id='word_1_105' title='bbox 294 1768 484 1848; x_wconf 86' lang='lat' dir='ltr'><strong>gentis</strong></span> <span class='ocrx_word' id='word_1_106' title='bbox 555 1788 846 1831; x_wconf 86' lang='lat' dir='ltr'><strong>secessum</strong></span> <span class='ocrx_word' id='word_1_107' title='bbox 913 1790 945 1830; x_wconf 91' lang='lat' dir='ltr'><strong>e</strong></span> <span class='ocrx_word' id='word_1_108' title='bbox 1023 1771 1318 1832; x_wconf 87' lang='lat' dir='ltr'><strong>communi</strong></span> <span class='ocrx_word' id='word_1_109' title='bbox 1395 1771 1947 1849; x_wconf 85' lang='lat' dir='ltr'><strong>Indogermanorum</strong></span> <span class='ocrx_word' id='word_1_110' title='bbox 2022 1770 2209 1849; x_wconf 86' lang='lat' dir='ltr'><strong>patria</strong></span> <span class='ocrx_word' id='word_1_111' title='bbox 2268 1770 2521 1831; x_wconf 89' lang='lat' dir='ltr'><strong>vocalem</strong></span> 
     </span>
     <span class='ocr_line' id='line_1_15' title="bbox 296 1866 1018 1931; baseline 0.003 -3"><span class='ocrx_word' id='word_1_112' title='bbox 296 1866 716 1929; x_wconf 83' lang='lat' dir='ltr'><strong>coniunctivam</strong></span> <span class='ocrx_word' id='word_1_113' title='bbox 759 1868 1018 1931; x_wconf 85' lang='lat' dir='ltr'><strong>eiecisse.</strong></span> 
     </span>
    </p>

    <p class='ocr_par' dir='ltr' id='par_1_5' title="bbox 295 1968 2524 2447">
     <span class='ocr_line' id='line_1_16' title="bbox 463 1968 2521 2051; baseline 0 -23"><span class='ocrx_word' id='word_1_114' title='bbox 463 1968 724 2040; x_wconf 85' lang='lat' dir='ltr'><strong>Quocum</strong></span> <span class='ocrx_word' id='word_1_115' title='bbox 759 1969 978 2049; x_wconf 84' lang='lat' dir='ltr'><strong>optime</strong></span> <span class='ocrx_word' id='word_1_116' title='bbox 1009 1968 1292 2043; x_wconf 89' lang='lat' dir='ltr'><strong>convenit,</strong></span> <span class='ocrx_word' id='word_1_117' title='bbox 1335 1968 1487 2048; x_wconf 88' lang='lat' dir='ltr'><strong>quod</strong></span> <span class='ocrx_word' id='word_1_118' title='bbox 1519 1968 1691 2029; x_wconf 91' lang='lat' dir='ltr'><strong>latina</strong></span> <span class='ocrx_word' id='word_1_119' title='bbox 1714 1990 1940 2050; x_wconf 89' lang='lat' dir='ltr'><strong>quoque</strong></span> <span class='ocrx_word' id='word_1_120' title='bbox 1977 1971 2169 2051; x_wconf 85' lang='lat' dir='ltr'><strong>lingua</strong></span> <span class='ocrx_word' id='word_1_121' title='bbox 2194 1969 2521 2031; x_wconf 88' lang='lat' dir='ltr'><strong>rarissimas</strong></span> 
     </span>
     <span class='ocr_line' id='line_1_17' title="bbox 300 2066 2523 2149; baseline 0.001 -23"><span class='ocrx_word' id='word_1_122' title='bbox 300 2066 578 2145; x_wconf 84' lang='lat' dir='ltr'><strong>simplicis</strong></span> <span class='ocrx_word' id='word_1_123' title='bbox 615 2069 850 2147; x_wconf 77' lang='lat' dir='ltr'><strong>perfecti</strong></span> <span class='ocrx_word' id='word_1_124' title='bbox 891 2070 1108 2130; x_wconf 84' lang='lat' dir='ltr'><strong>formas</strong></span> <span class='ocrx_word' id='word_1_125' title='bbox 1147 2067 1328 2129; x_wconf 86' lang='lat' dir='ltr'><strong>vocali</strong></span> <span class='ocrx_word' id='word_1_126' title='bbox 1371 2068 1729 2129; x_wconf 88' lang='lat' dir='ltr'><strong>coniunctiva</strong></span> <span class='ocrx_word' id='word_1_127' title='bbox 1766 2078 2031 2130; x_wconf 86' lang='lat' dir='ltr'><strong>carentes</strong></span> <span class='ocrx_word' id='word_1_128' title='bbox 2064 2069 2313 2149; x_wconf 85' lang='lat' dir='ltr'><strong>praebet,</strong></span> <span class='ocrx_word' id='word_1_129' title='bbox 2354 2076 2523 2148; x_wconf 88' lang='lat' dir='ltr'><strong>atque</strong></span> 
     </span>
     <span class='ocr_line' id='line_1_18' title="bbox 297 2166 2524 2247; baseline 0 -20"><span class='ocrx_word' id='word_1_130' title='bbox 297 2185 394 2227; x_wconf 87' lang='lat' dir='ltr'><strong>eas</strong></span> <span class='ocrx_word' id='word_1_131' title='bbox 439 2166 669 2246; x_wconf 88' lang='lat' dir='ltr'><strong>quidem</strong></span> <span class='ocrx_word' id='word_1_132' title='bbox 725 2167 785 2227; x_wconf 90' lang='lat' dir='ltr'><strong>in</strong></span> <span class='ocrx_word' id='word_1_133' title='bbox 839 2168 982 2229; x_wconf 85' lang='lat' dir='ltr'><strong>solis</strong></span> <span class='ocrx_word' id='word_1_134' title='bbox 1033 2167 1692 2246; x_wconf 82' lang='lat' dir='ltr'><strong>perfectopraesentibus</strong></span> <span class='ocrx_word' id='word_1_135' title='bbox 1734 2168 2043 2247; x_wconf 87' lang='lat' dir='ltr'><strong>‚‚memini“</strong></span> <span class='ocrx_word' id='word_1_136' title='bbox 2084 2178 2144 2229; x_wconf 88' lang='lat' dir='ltr'><strong>et</strong></span> <span class='ocrx_word' id='word_1_137' title='bbox 2186 2167 2423 2247; x_wconf 63' lang='lat' dir='ltr'><strong>‚3coepi“</strong></span> <span class='ocrx_word' id='word_1_138' title='bbox 2463 2176 2524 2228; x_wconf 85' lang='lat' dir='ltr'><strong>et</strong></span> 
     </span>
     <span class='ocr_line' id='line_1_19' title="bbox 295 2266 2522 2348; baseline 0 -22"><span class='ocrx_word' id='word_1_139' title='bbox 295 2266 354 2327; x_wconf 89' lang='lat' dir='ltr'><strong>in</strong></span> <span class='ocrx_word' id='word_1_140' title='bbox 413 2266 704 2327; x_wconf 85' lang='lat' dir='ltr'><strong>nonnullis</strong></span> <span class='ocrx_word' id='word_1_141' title='bbox 757 2274 1090 2347; x_wconf 83' lang='lat' dir='ltr'><strong>poetarum,</strong></span> <span class='ocrx_word' id='word_1_142' title='bbox 1159 2266 1430 2345; x_wconf 83' lang='lat' dir='ltr'><strong>inprimis</strong></span> <span class='ocrx_word' id='word_1_143' title='bbox 1485 2266 1845 2329; x_wconf 81' lang='lat' dir='ltr'><strong>comicorum</strong></span> <span class='ocrx_word' id='word_1_144' title='bbox 1898 2268 2067 2337; x_wconf 82' lang='lat' dir='ltr'><strong>lociS,</strong></span> <span class='ocrx_word' id='word_1_145' title='bbox 2130 2270 2225 2348; x_wconf 86' lang='lat' dir='ltr'><strong>qui</strong></span> <span class='ocrx_word' id='word_1_146' title='bbox 2276 2266 2522 2348; x_wconf 86' lang='lat' dir='ltr'><strong>vulgaris</strong></span> 
     </span>
     <span class='ocr_line' id='line_1_20' title="bbox 296 2364 1527 2447; baseline 0 -21"><span class='ocrx_word' id='word_1_147' title='bbox 296 2365 588 2427; x_wconf 85' lang='lat' dir='ltr'><strong>sermonis</strong></span> <span class='ocrx_word' id='word_1_148' title='bbox 635 2364 1048 2447; x_wconf 80' lang='lat' dir='ltr'><strong>neglegentiam</strong></span> <span class='ocrx_word' id='word_1_149' title='bbox 1092 2367 1527 2428; x_wconf 79' lang='lat' dir='ltr'><strong>affectaverunt:</strong></span> 
     </span>
    </p>

    <p class='ocr_par' dir='ltr' id='par_1_6' title="bbox 295 2466 580 2541">
     <span class='ocr_line' id='line_1_21' title="bbox 295 2466 580 2541; baseline 0 -15"><span class='ocrx_word' id='word_1_150' title='bbox 295 2466 580 2541; x_wconf 62' lang='lat' dir='ltr'><strong>(memini)</strong></span> 
     </span>
    </p>

    <p class='ocr_par' dir='ltr' id='par_1_7' title="bbox 295 2545 2145 2742">
     <span class='ocr_line' id='line_1_22' title="bbox 459 2545 2145 2640; baseline 0.002 -16"><span class='ocrx_word' id='word_1_151' title='bbox 459 2565 529 2626; x_wconf 80' lang='lat' dir='ltr'><strong>cf.</strong></span> <span class='ocrx_word' id='word_1_152' title='bbox 573 2569 882 2637; x_wconf 70' lang='lat' dir='ltr'><strong>memento,</strong></span> <span class='ocrx_word' id='word_1_153' title='bbox 925 2568 1278 2627; x_wconf 73' lang='lat' dir='ltr'><strong>mementote</strong></span> <span class='ocrx_word' id='word_1_154' title='bbox 1319 2584 1368 2625; x_wconf 86' lang='lat' dir='ltr'><strong>v.</strong></span> <span class='ocrx_word' id='word_1_155' title='bbox 1409 2584 1454 2626; x_wconf 87' lang='lat' dir='ltr'><strong>S.</strong></span> <span class='ocrx_word' id='word_1_156' title='bbox 1497 2553 1679 2640; x_wconf 75' lang='grc' dir='ltr'>ἴστω,</span> <span class='ocrx_word' id='word_1_157' title='bbox 1721 2545 2005 2640; x_wconf 65' lang='grc' dir='ltr'><strong>ἄντάχ’θω</strong></span> <span class='ocrx_word' id='word_1_158' title='bbox 2040 2574 2145 2628; x_wconf 88' lang='lat' dir='ltr'><strong>etc.</strong></span> 
     </span>
     <span class='ocr_line' id='line_1_23' title="bbox 295 2662 507 2742; baseline -0.005 -18"><span class='ocrx_word' id='word_1_159' title='bbox 295 2662 507 2742; x_wconf 86' lang='lat' dir='ltr'><strong>(coepi)</strong></span> 
     </span>
    </p>

    <p class='ocr_par' dir='ltr' id='par_1_8' title="bbox 296 2750 2519 2941">
     <span class='ocr_line' id='line_1_24' title="bbox 463 2750 2519 2844; baseline 0.002 -22"><span class='ocrx_word' id='word_1_160' title='bbox 463 2762 687 2841; x_wconf 88' lang='lat' dir='ltr'><strong>coepsti</strong></span> <span class='ocrx_word' id='word_1_161' title='bbox 730 2762 792 2825; x_wconf 84' lang='lat' dir='ltr'><strong>C.</strong></span> <span class='ocrx_word' id='word_1_162' title='bbox 837 2763 898 2826; x_wconf 90' lang='lat' dir='ltr'><strong>L.</strong></span> <span class='ocrx_word' id='word_1_163' title='bbox 945 2762 1107 2825; x_wconf 87' lang='lat' dir='ltr'><strong>Caec.</strong></span> <span class='ocrx_word' id='word_1_164' title='bbox 1155 2766 1235 2827; x_wconf 87' lang='grc'><strong>69</strong></span> <span class='ocrx_word' id='word_1_165' title='bbox 1279 2764 1389 2838; x_wconf 91' lang='lat' dir='ltr'><strong>(sic</strong></span> <span class='ocrx_word' id='word_1_166' title='bbox 1419 2763 1602 2838; x_wconf 90' lang='lat' dir='ltr'><strong>Ribb.‚</strong></span> <span class='ocrx_word' id='word_1_167' title='bbox 1645 2765 1775 2827; x_wconf 86' lang='lat' dir='ltr'><strong>libri</strong></span> <span class='ocrx_word' id='word_1_168' title='bbox 1800 2764 2073 2844; x_wconf 86' lang='lat' dir='ltr'><strong>coepisti)</strong></span> <span class='ocrx_word' id='word_1_169' title='bbox 2118 2786 2167 2827; x_wconf 82' lang='lat' dir='ltr'><strong>v.</strong></span> <span class='ocrx_word' id='word_1_170' title='bbox 2202 2785 2248 2825; x_wconf 78' lang='lat' dir='ltr'><strong>s,</strong></span> <span class='ocrx_word' id='word_1_171' title='bbox 2292 2750 2519 2826; x_wconf 74' lang='grc' dir='ltr'><strong>οἶσθα.</strong></span> 
     </span>
     <span class='ocr_line' id='line_1_25' title="bbox 296 2860 1486 2941; baseline 0.003 -20"><span class='ocrx_word' id='word_1_172' title='bbox 296 2860 475 2934; x_wconf 90' lang='lat' dir='ltr'><strong>(dedi)</strong></span> <span class='ocrx_word' id='word_1_173' title='bbox 521 2881 569 2921; x_wconf 88' lang='lat' dir='ltr'><strong>v.</strong></span> <span class='ocrx_word' id='word_1_174' title='bbox 612 2861 866 2924; x_wconf 87' lang='lat' dir='ltr'><strong>Corssen</strong></span> <span class='ocrx_word' id='word_1_175' title='bbox 908 2862 980 2922; x_wconf 89' lang='lat' dir='ltr'><strong>de</strong></span> <span class='ocrx_word' id='word_1_176' title='bbox 1022 2881 1189 2941; x_wconf 88' lang='lat' dir='ltr'><strong>pron.</strong></span> <span class='ocrx_word' id='word_1_177' title='bbox 1234 2862 1304 2937; x_wconf 93' lang='grc' dir='ltr'><strong>ΙΙ,</strong></span> <span class='ocrx_word' id='word_1_178' title='bbox 1352 2867 1486 2927; x_wconf 88' lang='grc'><strong>100.</strong></span> 
     </span>
    </p>

    <p class='ocr_par' dir='ltr' id='par_1_9' title="bbox 458 2953 2519 3038">
     <span class='ocr_line' id='line_1_26' title="bbox 458 2953 2519 3038; baseline 0.002 -18"><span class='ocrx_word' id='word_1_179' title='bbox 458 2953 674 3021; x_wconf 78' lang='lat' dir='ltr'><strong>dedisti</strong></span> <span class='ocrx_word' id='word_1_180' title='bbox 718 2962 799 3023; x_wconf 99' lang='grc' dir='ltr'><strong>ΡΙ.</strong></span> <span class='ocrx_word' id='word_1_181' title='bbox 847 2962 1006 3028; x_wconf 85' lang='lat' dir='ltr'><strong>Trin.</strong></span> <span class='ocrx_word' id='word_1_182' title='bbox 1060 2963 1172 3024; x_wconf 87' lang='lat'><strong>127</strong></span> <span class='ocrx_word' id='word_1_183' title='bbox 1213 2969 1270 3022; x_wconf 82' lang='lat' dir='ltr'><strong>et</strong></span> <span class='ocrx_word' id='word_1_184' title='bbox 1319 2965 1467 3038; x_wconf 73' lang='lat'>1293</span> <span class='ocrx_word' id='word_1_185' title='bbox 1523 2964 1676 3024; x_wconf 86' lang='lat' dir='ltr'><strong>Men.</strong></span> <span class='ocrx_word' id='word_1_186' title='bbox 1722 2965 1843 3028; x_wconf 86' lang='lat'><strong>689</strong></span> <span class='ocrx_word' id='word_1_187' title='bbox 1900 2963 2009 3036; x_wconf 86' lang='lat' dir='ltr'><strong>(Fl.</strong></span> <span class='ocrx_word' id='word_1_188' title='bbox 2053 2982 2167 3026; x_wconf 86' lang='lat' dir='ltr'><strong>sec.</strong></span> <span class='ocrx_word' id='word_1_189' title='bbox 2204 2963 2349 3036; x_wconf 64' lang='lat' dir='ltr'><strong>cod„</strong></span> <span class='ocrx_word' id='word_1_190' title='bbox 2401 2982 2519 3024; x_wconf 90' lang='lat' dir='ltr'><strong>non</strong></span> 
     </span>
    </p>

    <p class='ocr_par' dir='ltr' id='par_1_10' title="bbox 298 3059 2503 3535">
     <span class='ocr_line' id='line_1_27' title="bbox 359 3059 1660 3139; baseline 0.003 -21"><span class='ocrx_word' id='word_1_191' title='bbox 359 3067 366 3074; x_wconf 94' lang='grc'><strong>’</strong></span> <span class='ocrx_word' id='word_1_192' title='bbox 543 3059 824 3139; x_wconf 85' lang='lat' dir='ltr'><strong>probante</strong></span> <span class='ocrx_word' id='word_1_193' title='bbox 863 3060 1082 3122; x_wconf 87' lang='lat' dir='ltr'><strong>Ritsch.</strong></span> <span class='ocrx_word' id='word_1_194' title='bbox 1126 3081 1175 3123; x_wconf 87' lang='lat' dir='ltr'><strong>v.</strong></span> <span class='ocrx_word' id='word_1_195' title='bbox 1221 3062 1374 3122; x_wconf 89' lang='lat' dir='ltr'><strong>Prol.</strong></span> <span class='ocrx_word' id='word_1_196' title='bbox 1421 3063 1660 3137; x_wconf 87' lang='lat' dir='ltr'>CXXV).</span> 
     </span>
     <span class='ocr_line' id='line_1_28' title="bbox 539 3153 2522 3240; baseline 0.001 -21"><span class='ocrx_word' id='word_1_197' title='bbox 539 3153 890 3226; x_wconf 84' lang='lat' dir='ltr'><strong>cf.ded1sse</strong></span> <span class='ocrx_word' id='word_1_198' title='bbox 931 3160 1016 3222; x_wconf 94' lang='grc' dir='ltr'><strong>ΡΙ.</strong></span> <span class='ocrx_word' id='word_1_199' title='bbox 1062 3161 1271 3240; x_wconf 81' lang='lat' dir='ltr'><strong>Amph.</strong></span> <span class='ocrx_word' id='word_1_200' title='bbox 1313 3165 1458 3238; x_wconf 74' lang='lat'><strong>7613</strong></span> <span class='ocrx_word' id='word_1_201' title='bbox 1497 3163 1591 3224; x_wconf 71' lang='grc' dir='ltr'><strong>ΡΒ.</strong></span> <span class='ocrx_word' id='word_1_202' title='bbox 1625 3163 1747 3226; x_wconf 87' lang='grc'><strong>990</strong></span> <span class='ocrx_word' id='word_1_203' title='bbox 1776 3161 1885 3235; x_wconf 88' lang='lat' dir='ltr'><strong>(Fl.</strong></span> <span class='ocrx_word' id='word_1_204' title='bbox 1905 3181 2016 3224; x_wconf 87' lang='lat' dir='ltr'><strong>sec.</strong></span> <span class='ocrx_word' id='word_1_205' title='bbox 2036 3162 2181 3235; x_wconf 63' lang='lat' dir='ltr'><strong>cod„</strong></span> <span class='ocrx_word' id='word_1_206' title='bbox 2212 3181 2269 3224; x_wconf 88' lang='lat' dir='ltr'><strong>n.</strong></span> <span class='ocrx_word' id='word_1_207' title='bbox 2286 3180 2372 3240; x_wconf 86' lang='lat' dir='ltr'><strong>pr.</strong></span> <span class='ocrx_word' id='word_1_208' title='bbox 2395 3160 2522 3234; x_wconf 80' lang='lat' dir='ltr'><strong>Ri..)</strong></span> 
     </span>
     <span class='ocr_line' id='line_1_29' title="bbox 299 3235 1033 3333; baseline 0 -13"><span class='ocrx_word' id='word_1_209' title='bbox 299 3235 464 3333; x_wconf 89' lang='lat' dir='ltr'><strong>(bibi)</strong></span> <span class='ocrx_word' id='word_1_210' title='bbox 508 3278 556 3321; x_wconf 86' lang='lat' dir='ltr'><strong>v.</strong></span> <span class='ocrx_word' id='word_1_211' title='bbox 603 3259 857 3320; x_wconf 86' lang='lat' dir='ltr'><strong>Corssen</strong></span> <span class='ocrx_word' id='word_1_212' title='bbox 903 3260 936 3319; x_wconf 87' lang='lat' dir='ltr'><strong>l.</strong></span> <span class='ocrx_word' id='word_1_213' title='bbox 983 3278 1033 3322; x_wconf 90' lang='lat' dir='ltr'><strong>c.</strong></span> 
     </span>
     <span class='ocr_line' id='line_1_30' title="bbox 457 3353 2101 3441; baseline 0.003 -23"><span class='ocrx_word' id='word_1_214' title='bbox 457 3353 656 3418; x_wconf 80' lang='lat' dir='ltr'><strong>bibisti</strong></span> <span class='ocrx_word' id='word_1_215' title='bbox 698 3358 783 3420; x_wconf 93' lang='grc' dir='ltr'><strong>ΡΙ.</strong></span> <span class='ocrx_word' id='word_1_216' title='bbox 828 3357 1010 3420; x_wconf 88' lang='lat' dir='ltr'><strong>Stich.</strong></span> <span class='ocrx_word' id='word_1_217' title='bbox 1060 3362 1173 3424; x_wconf 86' lang='lat'><strong>721</strong></span> <span class='ocrx_word' id='word_1_218' title='bbox 1222 3359 1331 3436; x_wconf 86' lang='lat' dir='ltr'><strong>(Fl.</strong></span> <span class='ocrx_word' id='word_1_219' title='bbox 1379 3379 1491 3422; x_wconf 88' lang='lat' dir='ltr'><strong>sec.</strong></span> <span class='ocrx_word' id='word_1_220' title='bbox 1533 3361 1685 3441; x_wconf 64' lang='lat' dir='ltr'><strong>cod„</strong></span> <span class='ocrx_word' id='word_1_221' title='bbox 1729 3380 1786 3424; x_wconf 86' lang='lat' dir='ltr'><strong>n.</strong></span> <span class='ocrx_word' id='word_1_222' title='bbox 1831 3379 1922 3441; x_wconf 82' lang='lat' dir='ltr'><strong>pr.</strong></span> <span class='ocrx_word' id='word_1_223' title='bbox 1968 3360 2101 3435; x_wconf 87' lang='lat' dir='ltr'><strong>Ri..)</strong></span> 
     </span>
     <span class='ocr_line' id='line_1_31' title="bbox 298 3456 468 3535; baseline -0.006 -18"><span class='ocrx_word' id='word_1_224' title='bbox 298 3456 468 3535; x_wconf 88' lang='lat' dir='ltr'><strong>(cepi)</strong></span> 
     </span>
    </p>

    <p class='ocr_par' dir='ltr' id='par_1_11' title="bbox 458 3556 2201 3639">
     <span class='ocr_line' id='line_1_32' title="bbox 458 3556 2201 3639; baseline 0.003 -24"><span class='ocrx_word' id='word_1_225' title='bbox 458 3556 704 3636; x_wconf 86' lang='lat' dir='ltr'><strong>accepsti</strong></span> <span class='ocrx_word' id='word_1_226' title='bbox 750 3556 830 3618; x_wconf 92' lang='grc' dir='ltr'><strong>ΡΙ.</strong></span> <span class='ocrx_word' id='word_1_227' title='bbox 874 3556 1034 3620; x_wconf 86' lang='lat' dir='ltr'><strong>Trin.</strong></span> <span class='ocrx_word' id='word_1_228' title='bbox 1082 3560 1235 3630; x_wconf 78' lang='lat'>4203</span> <span class='ocrx_word' id='word_1_229' title='bbox 1279 3560 1401 3624; x_wconf 88' lang='grc'><strong>964</strong></span> <span class='ocrx_word' id='word_1_230' title='bbox 1443 3559 1572 3633; x_wconf 62' lang='lat' dir='ltr'><strong>(Bt,</strong></span> <span class='ocrx_word' id='word_1_231' title='bbox 1615 3560 1715 3621; x_wconf 87' lang='lat' dir='ltr'><strong>sed</strong></span> <span class='ocrx_word' id='word_1_232' title='bbox 1760 3559 1843 3623; x_wconf 85' lang='lat' dir='ltr'><strong>Fl.</strong></span> <span class='ocrx_word' id='word_1_233' title='bbox 1887 3559 2201 3639; x_wconf 71' lang='lat' dir='ltr'><strong>accepisti).</strong></span> 
     </span>
    </p>

    <p class='ocr_par' dir='ltr' id='par_1_12' title="bbox 295 3654 567 3729">
     <span class='ocr_line' id='line_1_33' title="bbox 295 3654 567 3729; baseline 0 -15"><span class='ocrx_word' id='word_1_234' title='bbox 295 3654 567 3729; x_wconf 87' lang='lat' dir='ltr'><strong>(totondi)</strong></span> 
     </span>
    </p>
   </div>
   <div class='ocr_carea' id='block_1_5' title="bbox 295 3761 2513 4168">
    <p class='ocr_par' dir='ltr' id='par_1_13' title="bbox 459 3761 2192 3846">
     <span class='ocr_line' id='line_1_34' title="bbox 459 3761 2192 3846; baseline 0.003 -24"><span class='ocrx_word' id='word_1_235' title='bbox 459 3761 529 3823; x_wconf 87' lang='lat' dir='ltr'><strong>cf.</strong></span> <span class='ocrx_word' id='word_1_236' title='bbox 571 3769 866 3824; x_wconf 86' lang='lat' dir='ltr'><strong>attotonse</strong></span> <span class='ocrx_word' id='word_1_237' title='bbox 907 3765 1007 3838; x_wconf 86' lang='lat'><strong>(=</strong></span> <span class='ocrx_word' id='word_1_238' title='bbox 1045 3762 1476 3840; x_wconf 73' lang='lat' dir='ltr'><strong>attotondisse»</strong></span> <span class='ocrx_word' id='word_1_239' title='bbox 1520 3767 1683 3846; x_wconf 83' lang='lat' dir='ltr'><strong>Verg.</strong></span> <span class='ocrx_word' id='word_1_240' title='bbox 1729 3767 1903 3828; x_wconf 73' lang='lat' dir='ltr'><strong>catal.</strong></span> <span class='ocrx_word' id='word_1_241' title='bbox 1948 3769 2002 3838; x_wconf 88' lang='lat'><strong>8,</strong></span> <span class='ocrx_word' id='word_1_242' title='bbox 2044 3767 2101 3828; x_wconf 89' lang='grc'><strong>9.</strong></span> <span class='ocrx_word' id='word_1_243' title='bbox 2187 3780 2192 3785; x_wconf 86' lang='grc'>·</span> 
     </span>
    </p>

    <p class='ocr_par' dir='ltr' id='par_1_14' title="bbox 321 3860 1336 3923">
     <span class='ocr_line' id='line_1_35' title="bbox 321 3860 1336 3923; baseline -0.006 -1"><span class='ocrx_word' id='word_1_244' title='bbox 321 3860 412 3923; x_wconf 73' lang='lat' dir='ltr'><strong>edi</strong></span> <span class='ocrx_word' id='word_1_245' title='bbox 1331 3907 1336 3916; x_wconf 92' lang='lat'>.</span> 
     </span>
    </p>

    <p class='ocr_par' dir='ltr' id='par_1_15' title="bbox 295 3864 2513 4168">
     <span class='ocr_line' id='line_1_36' title="bbox 295 3864 2513 4045; baseline 0.003 -16"><span class='ocrx_word' id='word_1_246' title='bbox 295 3864 318 3934; x_wconf 69' lang='lat'><strong>(</strong></span> <span class='ocrx_word' id='word_1_247' title='bbox 417 3867 526 4030; x_wconf 60' lang='lat' dir='ltr'><strong>&gt;cst</strong></span> <span class='ocrx_word' id='word_1_248' title='bbox 587 3978 718 4030; x_wconf 75' lang='lat' dir='ltr'><strong>esse</strong></span> <span class='ocrx_word' id='word_1_249' title='bbox 761 3970 864 4042; x_wconf 85' lang='lat'><strong>(=</strong></span> <span class='ocrx_word' id='word_1_250' title='bbox 895 3967 1111 4042; x_wconf 74' lang='lat' dir='ltr'><strong>edisse)</strong></span> <span class='ocrx_word' id='word_1_251' title='bbox 1143 3969 1362 4031; x_wconf 78' lang='lat' dir='ltr'><strong>Charis,</strong></span> <span class='ocrx_word' id='word_1_252' title='bbox 1393 3971 1461 4032; x_wconf 90' lang='lat' dir='ltr'><strong>G.</strong></span> <span class='ocrx_word' id='word_1_253' title='bbox 1492 3970 1561 4030; x_wconf 89' lang='lat' dir='ltr'><strong>L.</strong></span> <span class='ocrx_word' id='word_1_254' title='bbox 1586 3971 1629 4044; x_wconf 88' lang='grc' dir='ltr'><strong>Ι,</strong></span> <span class='ocrx_word' id='word_1_255' title='bbox 1673 3974 1809 4044; x_wconf 83' lang='grc'>261,</span> <span class='ocrx_word' id='word_1_256' title='bbox 1832 3973 1943 4043; x_wconf 80' lang='grc'><strong>29;</strong></span> <span class='ocrx_word' id='word_1_257' title='bbox 1986 3971 2266 4034; x_wconf 75' lang='grc' dir='ltr'><strong>Βίοω.ἰΙ).</strong></span> <span class='ocrx_word' id='word_1_258' title='bbox 2294 3973 2429 4045; x_wconf 82' lang='grc'>387,</span> <span class='ocrx_word' id='word_1_259' title='bbox 2463 3977 2513 4035; x_wconf 90' lang='lat'><strong>1.</strong></span> 
     </span>
     <span class='ocr_line' id='line_1_37' title="bbox 545 4068 2295 4168; baseline 0.003 -39"><span class='ocrx_word' id='word_1_260' title='bbox 545 4075 812 4168; x_wconf 67' lang='lat' dir='ltr'><strong>comesse</strong></span> <span class='ocrx_word' id='word_1_261' title='bbox 854 4068 934 4128; x_wconf 92' lang='grc' dir='ltr'><strong>ΡΙ.</strong></span> <span class='ocrx_word' id='word_1_262' title='bbox 977 4068 1126 4132; x_wconf 86' lang='lat' dir='ltr'><strong>Men.</strong></span> <span class='ocrx_word' id='word_1_263' title='bbox 1169 4071 1326 4143; x_wconf 77' lang='lat'><strong>6273</strong></span> <span class='ocrx_word' id='word_1_264' title='bbox 1370 4069 1542 4132; x_wconf 78' lang='lat' dir='ltr'><strong>Most.</strong></span> <span class='ocrx_word' id='word_1_265' title='bbox 1588 4074 1695 4145; x_wconf 76' lang='lat'><strong>143</strong></span> <span class='ocrx_word' id='word_1_266' title='bbox 1737 4070 1801 4133; x_wconf 85' lang='lat' dir='ltr'><strong>C.</strong></span> <span class='ocrx_word' id='word_1_267' title='bbox 1838 4071 1901 4132; x_wconf 89' lang='lat' dir='ltr'><strong>L.</strong></span> <span class='ocrx_word' id='word_1_268' title='bbox 1944 4071 2149 4152; x_wconf 84' lang='lat' dir='ltr'><strong>Pomp.</strong></span> <span class='ocrx_word' id='word_1_269' title='bbox 2197 4075 2295 4135; x_wconf 87' lang='lat'><strong>72.</strong></span> 
     </span>
    </p>
   </div>
   <div class='ocr_carea' id='block_1_6' title="bbox 3084 2124 3109 3320">
    <p class='ocr_par' dir='ltr' id='par_1_16' title="bbox 3084 2124 3109 3320">
     <span class='ocr_line' id='line_1_38' title="bbox 3084 2124 3109 3320; baseline 0 0"><span class='ocrx_word' id='word_1_270' title='bbox 3084 2124 3109 3320; x_wconf 95' lang='lat' dir='ltr'><strong> </strong></span> 
     </span>
    </p>
   </div>
  </div>
 </body>
</html>
