3109 4825
1712 427 1791 487 42

963 590 1068 650 Pu.
1115 590 1288 663 (dui):
1330 592 1642 652 concredui
1683 594 1767 657 Pl.
1812 591 2000 652 Casin.
2048 590 2114 662 Π,
2158 594 2211 665 8,
2261 594 2355 653 44.

1042 690 1192 750 crevi
1263 693 1382 760 (π
1435 690 1629 752 credui
1696 690 1768 752 cf.
1831 690 2021 752 suavis
2081 717 2158 741 π
2224 689 2499 777 suaduis)
2562 687 2645 750 Pl.
2716 688 2860 749 cist.

1211 787 1265 863 1,
1327 792 1388 860 1,
1455 793 1476 852 1

961 928 1088 992 Fut.
1136 928 1186 989 11
1229 929 1443 990 addues
1484 930 1637 991 Fest.
1684 931 1779 1003 27,
1822 930 2029 1003 ·14(=
2058 883 2420 1032 adduejiss).

793 1156 1066 1218 Undecim
1098 1160 1346 1238 perfecta
1388 1159 1558 1219 latina
1603 1158 1881 1238 simplicia
1927 1157 2434 1236 reduplicationem
2469 1156 2699 1237 quidem
2734 1174 2854 1216 non

624 1274 763 1334 prae
823 1276 886 1316 se
934 1259 1152 1337 ferunt,
1214 1260 1312 1320 sed
1370 1258 1719 1338 primitivam
1776 1256 1986 1319 radicis
2026 1257 2277 1317 vocalem
2335 1256 2393 1317 in
2438 1264 2471 1317 ὃ
2516 1254 2854 1334 productam

629 1355 939 1417 mutavisse
979 1357 1275 1434 videntur,
1335 1358 1455 1419 scil.
1497 1358 1745 1437 perfecta
1782 1357 2037 1418 radicum
2081 1362 2183 1435 ag,
2238 1361 2340 1435 ap,
2397 1360 2530 1435 cap,
2588 1354 2686 1428 ed,
2744 1360 2854 1426 em,

623 1454 742 1525 fac,
795 1456 940 1534 frag,
986 1457 1102 1529 iac,
1145 1458 1267 1535 leg,
1309 1458 1444 1531 sed,
1492 1461 1633 1528 ven,
1677 1474 1922 1535 quorum
1967 1455 2109 1534 (epi)
2149 1454 2383 1516 nonnisi
2423 1454 2482 1514 in
2528 1453 2853 1533 composito

626 1553 792 1631 coepi
837 1556 942 1626 (=
986 1556 1209 1636 co-epi)
1246 1566 1416 1618 extat.
1499 1556 1586 1616 Ad
1632 1543 2026 1616 illustrandam
2079 1553 2229 1616 hanc
2269 1552 2507 1633 perfecti
2552 1552 2852 1613 formatio-

627 1670 777 1724 nem,
822 1652 1028 1714 iterum
1059 1664 1293 1732 agnatae
1318 1655 1815 1733 indogermauicae
1859 1653 2060 1731 stirpis
2101 1653 2327 1732 linguae
2354 1650 2647 1715 adeundae
2688 1651 2853 1713 nobis

623 1757 780 1813 sunt.
841 1754 925 1813 Ac
967 1753 1215 1831 primum
1261 1755 1319 1815 iu
1365 1754 1643 1815 sanserita
1690 1754 1879 1831 lingua
1922 1752 2163 1831 repetita
2203 1752 2441 1831 perfecti
2484 1750 2693 1830 syllaba
2737 1769 2851 1811 non

625 1849 832 1929 ubique
875 1850 1094 1929 integra
1135 1854 1448 1932 reperitur,
1512 1854 1612 1913 sed
1658 1852 1855 1913 multis
1898 1852 1957 1913 iu
2003 1851 2190 1913 verbis
2234 1860 2389 1913 certa
2434 1851 2677 1931 quadem
2731 1851 2853 1929 lege

623 1948 934 2011 mutilatur.
1035 1953 1180 2014 Ante
1247 1971 1451 2013 omnes
1512 1952 1668 2013 enim
1733 1951 2203 2026 terminationeS‚
2270 1968 2299 2010 a
2364 1950 2587 2030 Boppio
2654 1968 2852 2028 graves

624 2047 808 2108 dictas
852 2048 909 2110 h.
942 2069 992 2110 e.
1035 2050 1094 2112 in
1139 2071 1252 2115 sec.
1296 2071 1380 2131 sg.
1424 2050 1851 2131 Parasmaipadi
1894 2050 2125 2125 (Activi)
2168 2068 2437 2130 persona,
2478 2048 2528 2109 si
2574 2048 2850 2109 termina-

625 2148 784 2209 tione
828 2139 908 2211 ita
950 2151 1245 2223 formatur,
1289 2150 1349 2211 in
1391 2150 1540 2212 duali
1585 2160 1643 2211 et
1674 2150 1875 2229 plurali
1910 2148 2335 2228 Parasmaipadi
2378 2156 2437 2209 et
2478 2148 2536 2209 in
2584 2147 2851 2209 omnibus

625 2249 997 2327 Atmanepadi
1045 2249 1264 2323 (Medii)
1309 2249 1596 2328 personis,
1640 2267 1947 2329 suppressa
1993 2247 2470 2328 reduplicatione,
2516 2248 2778 2309 radicalis
2816 2254 2849 2309 a

622 2346 680 2406 in
727 2354 759 2408 e
810 2348 1042 2423 transit,
1100 2348 1147 2408 si
1191 2349 1420 2429 quidem
1455 2358 1513 2409 et
1536 2347 1793 2409 *initialis
1836 2357 1892 2409 et
1936 2348 2123 2408 finalis
2165 2346 2374 2409 radicis
2429 2346 2592 2407 litera
2636 2366 2850 2408 conso·

627 2465 769 2506 nans
813 2447 1053 2526 simplex
1096 2456 1186 2509 est
1228 2467 1413 2528 neque
1453 2449 1545 2509 illa
1586 2459 1684 2509 aut
1729 2467 1758 2507 v
1801 2458 1919 2521 est,
1979 2456 2075 2508 aut
2118 2466 2225 2508 una
2266 2466 2463 2508 earum
2522 2466 2851 2509 consonan-

627 2546 786 2620 tium,
829 2565 972 2626 quae
1015 2547 1075 2608 in
1117 2550 1360 2627 repetita
1407 2548 1618 2628 syllaba
1653 2547 1859 2608 vicaria
1900 2547 2065 2609 litera
2094 2554 2345 2621 utuntur,
2386 2547 2539 2608 velut
2568 2547 2852 2626 aspiratae

627 2657 687 2707 et
727 2647 1056 2724 gutturales.
1142 2647 1472 2727 Sequuntur
1515 2658 1711 2708 tamen
1756 2647 1906 2708 hanc
1960 2647 2216 2726 regulam
2260 2645 2434 2707 etiam
2478 2647 2702 2709 radices
2744 2635 2853 2725 p‘al‚

621 2735 780 2824 bag,
827 2754 978 2826 trap,
1023 2737 1159 2826 grat‘
1213 2756 1269 2808 et
1311 2738 1444 2828 crat‘
1495 2766 1606 2808 nec
1647 2765 1769 2808 non
1811 2746 1880 2806 ad
1924 2745 2225 2807 arbitrium
2274 2755 2419 2820 traS‚
2460 2735 2645 2823 liram,
2689 2745 2855 2825 ojani,

623 2836 760 2923 pan,
798 2865 940 2916 vam,
987 2865 1143 2925 svau,
1187 2838 1325 2926 γῆς’,
1361 2838 1498 2925 brac
1539 2857 1599 2907 et
1642 2835 1758 2907 rad‘
1785 2869 1799 2921 3
1863 2845 2013 2906 unde
2057 2853 2308 2925 apparet,
2349 2845 2517 2905 latius
2562 2845 2851 2925 quondam

625 2963 749 3004 eam
793 2963 1066 3023 regnasse
1111 2955 1169 3006 et
1211 2956 1410 3025 postea
1453 2948 1684 3008 demum
1729 2944 2237 3026 grammaticorum
2282 2943 2572 3023 diligentia
2604 2943 2852 3004 circum-

626 3045 899 3123 scriptam
959 3063 1103 3104 esse.
1190 3044 1418 3122 Optime
1480 3065 1616 3124 vero
1673 3045 1931 3125 Boppius
1997 3037 2120 3118 (Gr.
2168 3062 2355 3105 sansc.
2400 3062 2556 3124 parv.
2616 3043 2656 3123 §
2700 3045 2855 3117 4003

627 3152 724 3213 Gr.
773 3168 964 3230 comp.
1007 3151 1046 3228 ξ
1087 3151 1231 3226 605)
1275 3152 1525 3214 vocalem
1572 3153 1725 3213 illam
1768 3163 1801 3213 e
1846 3157 1952 3226 (==
1990 3126 2071 3224 ᾗ)
2125 3170 2158 3211 e
2201 3150 2598 3212 contractione
2640 3150 2854 3212 vocalis

623 3256 654 3314 a
701 3248 943 3329 syllabae
969 3249 1246 3330 repetitae
1283 3258 1340 3310 et
1376 3257 1403 3314 ῑ
1447 3234 1691 3331 syllabae
1719 3250 2001 3326 radicalis,
2043 3249 2182 3310 elisa
2224 3248 2426 3311 initiali
2461 3248 2672 3312 radicis
2706 3269 2855 3311 con-

625 3359 902 3425 sonante,
939 3341 1146 3412 'ortam
1192 3368 1322 3410 esse
1365 3350 1645 3425 coniecit,
1700 3350 1758 3410 in
1806 3369 1918 3430 quo
1965 3350 2023 3410 id
2066 3349 2241 3410 modo
2284 3348 2633 3428 postulatur,
2689 3357 2858 3412 antea

624 3449 966 3528 primitivam
1013 3449 1222 3510 radicis
1269 3450 1519 3512 vocalem
1558 3455 1589 3512 a
1633 3449 1693 3510 in
1729 3456 1756 3511 ῑ
1798 3469 1929 3511 esse
1969 3456 2345 3522 attenuatam,
2400 3450 2555 3531 quod
2612 3449 2671 3510 in
2710 3449 2857 3529 ipsis

629 3549 742 3611 illis
780 3549 1050 3628 personis
1091 3570 1121 3608 e
1164 3550 1426 3628 graviore
1469 3549 1937 3610 terminationum
1982 3547 2241 3628 pondere
2266 3548 2663 3611 deducendum
2690 3549 2853 3612 vide-

628 3665 721 3719 tur
763 3675 812 3718 v.
859 3676 906 3718 c.
952 3656 1167 3736 tenima
1209 3683 1291 3707 =
1333 3629 1631 3732 tffinimiu
1695 3645 1877 3718 cerit‘a
1929 3683 2014 3706 =
2066 3629 2301 3720 ea'ffirita
2344 3663 2451 3718 etc.
2492 3659 2855 3742 Quamquam

629 3756 756 3816 talis
817 3756 1026 3817 radicis
1082 3755 1399 3818 attenuatio
1452 3757 1513 3818 in
1567 3756 1879 3819 sanseritae
1932 3755 2159 3836 linguae
2214 3756 2607 3818 monumentis
2666 3756 2859 3818 adbuc

623 3873 741 3916 non
779 3865 1028 3936 reperta,
1051 3865 1168 3928 est,
1226 3856 1352 3916 aliis
1397 3867 1585 3918 tamen
1630 3856 1822 3918 modis
1865 3855 1925 3917 in
1981 3857 2187 3919 iisdem
2235 3856 2501 3936 personis
2539 3856 2678 3916 haut
2718 3873 2857 3917 raro

622 3955 844 4016 radices
904 3955 1273 4017 debilitantur
1328 3956 1398 4017 cf.
1445 3957 1567 4019 ved.
1615 3957 1865 4036 paptima
1908 3965 2013 4018 etc.
2072 3957 2277 4037 (Bopp.
2316 3957 2415 4018 Gr.
2463 3973 2649 4018 sansc.
2693 3973 2856 4034 parv.

619 4055 659 4137 ἓ
703 4056 1071 4129 450-456).
1158 4055 1368 4117 Verum
1417 4054 1591 4120 latina
1648 4056 1819 4118 nobis
1878 4056 2065 4139 lingua
2110 4075 2289 4120 unum
2334 4057 2537 4122 saltem
2577 4063 2847 4119 contrac-
