3109 4825
1385 427 1464 488 43

315 587 494 647 tionis
535 586 660 649 eius
705 589 1023 669 exemplum
1057 591 1446 654 certissimum
1471 592 1737 672 praebet:
1770 590 2134 670 reperiuntur
2172 590 2326 651 enim
2364 589 2537 651 simul
2621 671 2629 679 ·

309 688 561 765 perfecta
603 688 801 767 pepigi
843 696 901 749 et
943 690 1074 769 pegi
1133 692 1301 770 (apud
1348 691 1475 752 Pac.
1520 691 1585 752 T.
1632 691 1695 752 L.
1741 692 1861 755 2¹8
1905 698 1963 749 et
2003 688 2211 770 ubique
2267 690 2325 748 in
2371 708 2536 749 com-

309 786 560 865 positis),
610 806 855 867 quorum
901 788 1012 849 hoc
1054 808 1121 850 ex
1164 790 1294 865 illo,
1356 790 1534 851 eiecta
1581 792 1754 851 altera
1792 809 1860 867 p,
1900 787 2127 849 coaluit.
2211 787 2319 861 Qui
2363 788 2537 866 igitur

309 884 556 947 dubitari
596 894 818 967 potest,
885 887 1021 967 quin
1065 888 1235 949 etiam
1279 897 1466 951 cetera
1522 888 1787 950 undecim
1843 888 2121 967 perfecta,
2182 885 2240 946 in
2302 886 2536 948 radicali
2578 948 2592 960 ,

310 984 519 1065 syllaba
563 986 814 1047 vocalem
857 998 890 1049 e
934 987 1277 1062 exhibentia,
1320 988 1523 1049 eodem
1569 988 1745 1049 modo
1789 996 1917 1048 orta
1960 983 2127 1047 sint?
2169 986 2335 1060 Quod
2379 986 2535 1046 enim

311 1084 634 1148 Corssenus
691 1085 912 1165 (Symh.
957 1087 1082 1149 crit.
1136 1107 1227 1167 pg.
1272 1088 1416 1163 530)
1479 1094 1881 1167 argumentum
1947 1084 2301 1147 contrarium
2355 1086 2538 1161 affert,

311 1184 534 1245 vocales
577 1204 608 1245 e
650 1192 708 1245 et
749 1184 768 1245 i
812 1186 869 1245 in
910 1200 963 1261 ῑ,
1019 1205 1137 1248 non
1182 1198 1216 1250 e
1273 1188 1540 1248 contrahi
1592 1186 1885 1260 debuisse,
1938 1186 1997 1245 id
2052 1202 2154 1263 per
2211 1202 2538 1257 numerosa,

309 1301 454 1363 quae
499 1283 646 1345 infra
687 1304 720 1345 e
750 1285 961 1363 vulgari
1008 1305 1277 1348 sermone
1321 1286 1450 1347 talis
1474 1283 1890 1348 contractionis
1918 1302 2315 1364 proponemus
2343 1302 2536 1345 exem-

310 1383 428 1462 pla,
489 1382 740 1445 diluitur.
825 1384 944 1445 Nec
999 1386 1196 1447 mirari
1255 1386 1403 1461 licet,
1461 1386 1611 1447 hanc
1663 1384 2119 1446 contractionem
2171 1402 2275 1463 per
2334 1401 2537 1444 omnes

308 1481 549 1559 perfecti
602 1501 884 1561 personas
941 1484 1260 1565 serpsisse,
1326 1503 1497 1565 quum
1556 1484 1730 1545 latina
1786 1484 1975 1563 lingua
2032 1482 2348 1543 discrimen
2402 1482 2539 1542 illud

311 1566 627 1641 sanscritae
682 1582 832 1643 inter
886 1582 1126 1646 leviores
1171 1594 1229 1645 et
1272 1584 1565 1664 graviores
1620 1582 2098 1644 terminationum'
2147 1582 2364 1642 formas
2407 1600 2537 1643 om-

311 1680 452 1741 nino
490 1680 738 1759 ignoret,
778 1690 1072 1777 uttcontra
1113 1702 1311 1762 graeca
1354 1684 1544 1763 lingua
1574 1682 1786 1744 vocalis
1810 1680 2075 1743 radicalis
2118 1680 2537 1741 incrementum

308 1778 558 1851 (Gunam
601 1781 687 1841 vel
719 1768 1008 1855 Vrddim),
1061 1784 1119 1843 in
1165 1784 1443 1845 sanserita
1505 1790 1639 1843 ante
1695 1781 1848 1842 solas
1890 1781 2042 1841 leves
2100 1779 2537 1841 terminationes

309 1878 658 1952 admissum,
716 1881 835 1942 fere
896 1881 1076 1941 ubivis
1134 1882 1193 1943 in
1251 1902 1453 1943 omnes
1499 1880 1739 1961 perfecti
1782 1878 1948 1940 activi
1990 1898 2268 1959 personas
2321 1868 2541 1958 recepit

311 1978 381 2037 cf.
426 1969 738 2052 λέλοιπα,
788 1970 1204 2055 λελοίπατον,
1255 1972 1675 2059 λελοίπαμεν,
1724 2000 1772 2041 v.
1819 1987 2011 2040 tamen
2044 1998 2090 2040 s,
2132 1970 2535 2055 ἐπέπιθμεν,

307 2065 513 2150 ἴστον,
560 2066 752 2154 ἴσμεν
775 2087 884 2141 etc.
945 2080 1126 2161 Magis
1169 2082 1339 2143 etiam
1387 2100 1518 2143 cum
1564 2080 1845 2141 sanscrita
1887 2077 2115 2158 gothica
2157 2078 2350 2158 lingua
2395 2097 2538 2139 con-

311 2175 513 2247 sentit,
572 2177 734 2237 cuius
791 2178 1046 2240 decimae
1089 2190 1148 2241 et
1187 2180 1522 2241 undecimae
1567 2178 1885 2252 (Grimmii)
1930 2176 2351 2256 coniugationis
2395 2196 2531 2256 per-

309 2277 456 2337 fecta
500 2277 560 2337 in
603 2276 754 2338 duali
797 2279 1124 2363 et-plurali‚
1171 2287 1233 2341 ut
1275 2279 1554 2340 sanscrita
1598 2287 1658 2340 et
1695 2278 1883 2351 latina,
1925 2274 2136 2338 radicis
2181 2276 2430 2337 vocalem
2478 2276 2538 2337 in

313 2386 346 2439 ἓ
389 2382 627 2456 augent,
671 2376 730 2438 in
771 2376 1044 2458 singulari
1087 2386 1306 2452 autem,
1355 2389 1490 2441 ante
1532 2367 1687 2440 leves
1726 2375 2163 2439 terminationes
2206 2374 2539 2456 sanseritaS,

309 2475 818 2557 reduplicationem
865 2478 1097 2557 quidem
1150 2479 1454 2554 abiiciunt,
1513 2480 1615 2541 sed
1660 2479 1913 2540 vocalem
1965 2475 2268 2537 radicalem
2314 2481 2346 2536 Ξὶ
2392 2476 2542 2536 inte-

311 2595 474 2655 gram
513 2584 769 2646 servant:
811 2577 948 2658 quin
992 2579 1280 2640 artissime
1323 2590 1486 2640 vetus
1518 2578 1858 2640 Germaniae
1900 2575 2219 2656 superioris
2263 2575 2538 2636 dialectus

313 2677 563 2754 regulam
623 2677 964 2738 sanseritam
1023 2677 1308 2758 sequitur,
1368 2678 1426 2739 in
1467 2697 1576 2758 qua
1622 2678 1870 2739 secunda
1929 2673 2235 2753 singularis
2277 2692 2543 2752 persona,

312 2776 493 2837 vocali
555 2777 916 2838 coniunctiva
980 2777 1257 2838 instructa
1323 2779 1399 2852 (v.
1443 2797 1487 2838 S.
1534 2777 1552 2838 i
1608 2805 1693 2828 =
1747 2794 1932 2838 sansc.
1994 2764 2165 2852 i-t‘a),
2232 2773 2537 2834 radicalem

312 2875 550 2954 pluralis
592 2877 842 2938 vocalem
885 2886 919 2937 a
960 2877 1241 2951 adsumit,
1293 2896 1469 2956 quae,
1511 2875 1806 2957 antiquior
1846 2893 2016 2954 quam
2060 2884 2123 2947 ὃ,
2167 2893 2199 2934 e
2242 2873 2452 2951 duplici
2490 2879 2540 2949 a,

309 2991 430 3035 non
474 2973 763 3037 debilitata
804 2975 1016 3038 radicis
1060 2976 1254 3050 vocali,
1299 2985 1424 3038 orta
1470 2976 1689 3038 videtur
1733 2994 1780 3036 v.
1815 2992 1863 3036 c.
1906 2973 2185 3053 kapumes
2228 2972 2540 3048 (dedimus)

309 3109 394 3136 =
424 3056 798 3163 kffapum'es

482 3183 638 3255 Quae
722 3182 1011 3263 sequitur,
1099 3182 1316 3261 tabula,
1402 3183 1717 3263 perfectum
1788 3181 2163 3255 sanseritum,
2230 3179 2544 3258 gothicum,

308 3281 730 3362 germanicum,
784 3281 1026 3342 latinum
1073 3281 1284 3343 radicis
1328 3283 1430 3345 sad
1472 3284 1579 3355 (=
1622 3280 1851 3354 sedere)
1905 3278 2198 3353 exhibenS‚
2254 3296 2541 3339 summam

308 3392 555 3463 quatuor
595 3381 921 3462 linguarum
958 3382 1328 3444 concordiam
1367 3392 1500 3444 ante
1547 3381 1746 3442 oculos
1788 3381 1981 3458 ponit:

701 3563 929 3625 Sanscr.
1215 3562 1386 3626 Goth.
1547 3563 1743 3624 Germ.
1786 3570 1897 3624 vet.
2088 3561 2271 3623 Latin.

475 3664 553 3785 εἴ·
709 3709 912 3782 εᾶεὲἀε
1215 3725 1306 3783 sat
1636 3724 1732 3782 saz
2102 3717 2226 3782 sedi

502 3823 540 3884 2
707 3808 921 3882 sasatt‘a
1212 3832 1334 3882 sast

709 3929 896 4040 sedffa
1632 3974 1749 4037 sazi
2096 3975 2299 4038 sedisti

502 4080 540 4142 3
711 4075 910 4138 sasada
1211 4083 1302 4142 sat
1634 4081 1729 4140 saz
2091 4075 2245 4139 sedit
