3109 4825
1337 426 1402 485 71

265 585 507 666 syllabae
548 586 812 649 radicalis
856 589 1110 669 pondere
1155 589 1546 652 deducendam
1595 609 1750 666 esse,
1805 609 1947 670 quae
1983 597 2081 651 aut
2122 599 2319 653 natura
2362 592 2495 652 lon-

265 704 425 765 gam,
483 694 582 748 aut
634 688 830 749 Gunae
872 688 973 753 vel
1020 668 1230 754 Vrddis
1301 689 1661 753 incremento
1718 690 2077 768 productam,
2132 699 2228 752 aut
2282 691 2493 770 duplici

261 796 619 848 consonante
675 795 968 848 oneratam
1031 789 1284 850 vocalem
1345 789 1682 863 continenS‚
1740 788 2021 850 maiorem
2084 790 2491 868 pronuntiandi

261 886 372 947 vim
419 886 477 945 in
525 905 588 947 se
629 887 936 959 vertendo,
991 889 1426 949 antecedentem
1468 888 1739 967 syllabam
1786 888 2160 966 oppresserit.
2245 888 2413 962 Quod
2460 909 2493 949 e

261 985 554 1045 communi
586 994 852 1064 quattuor
875 986 1142 1047 classium
1188 996 1501 1066 conspectu
1525 987 1707 1066 magis
1745 987 1917 1047 etiam
1946 986 2190 1066 patescit
2230 994 2289 1047 et
2316 986 2491 1048 certis

263 1083 482 1162 legibus
527 1083 919 1145 circumscribi
965 1095 1175 1165 potest,
1219 1105 1358 1166 quas
1402 1086 1498 1147 hic
1539 1104 1960 1165 proponemus:

431 1186 489 1257 1)
528 1181 643 1243 Eae
697 1183 919 1243 radices
985 1181 1221 1260 latinae,
1292 1204 1436 1264 quae
1500 1185 1711 1264 duplici
1778 1192 2137 1246 consonante
2200 1183 2493 1259 finiuntur,

259 1300 546 1362 nunquam
602 1280 663 1341 in
721 1284 974 1361 perfecto
1025 1282 1377 1363 reduplicato
1435 1285 1630 1346 Gunae
1686 1283 1770 1343 vel
1817 1258 2029 1347 Vrddis
2074 1283 2489 1344 incrementum

259 1380 634 1442 admiserunt.
719 1382 878 1455 Quae
932 1381 1180 1443 levioies
1235 1384 1460 1445 vocales
1515 1388 1550 1445 ὅ
1596 1392 1653 1443 et
1694 1386 1732 1445 ii
1790 1384 2120 1456 continent,
2185 1382 2491 1460 repetitam

264 1480 534 1559 syllabam
578 1479 787 1560 ubique
833 1489 1224 1554 servaverunt,
1281 1482 1404 1543 scil.
1449 1482 1636 1554 mord,
1680 1500 1838 1561 posc,
1882 1483 2088 1561 spond,
2132 1481 2291 1556 tond,
2333 1498 2495 1556 curr3

191 1646 203 1660 .
260 1596 403 1658 quae
437 1577 794 1657 gravioribus
835 1585 868 1641 a
911 1589 969 1641 et
1011 1585 1044 1643 “e
1085 1580 1374 1660 praeditae
1419 1589 1569 1654 sunt,
1610 1582 1947 1662 plerumque
1978 1580 2491 1659 reduplicationem

261 1676 608 1750 abiecerunt,
655 1679 775 1740 scil.
821 1680 980 1753 cand‚
1028 1680 1219 1754 mand,
1262 1680 1432 1759 pand,
1480 1681 1681 1760 prend,
1726 1681 1919 1757 scand,
1960 1679 2078 1756 Sall,
2123 1679 2283 1759 psall,
2325 1677 2494 1753 lamb,

268 1775 416 1851 send,
461 1776 631 1852 hend,
671 1778 805 1854 vell,
846 1799 994 1852 verr,
1035 1787 1187 1855 vert3
1231 1778 1593 1858 excipiuntur
1633 1779 1782 1858 pend
1830 1787 1887 1839 et
1931 1779 2097 1850 tend,
2148 1796 2256 1838 nec
2300 1778 2491 1838 minus

260 1892 398 1953 parc
441 1882 499 1935 et
539 1875 661 1949 fall,
719 1895 863 1955 quae
907 1885 1098 1939 tamen
1141 1877 1200 1938 in
1244 1879 1498 1956 perfecto
1555 1878 1797 1957 syllabae
1855 1877 2119 1939 radicalis
2159 1876 2415 1937 vocalem
2457 1882 2490 1938 a

258 1973 316 2033 in
363 1977 396 2035 ὅ
439 1981 749 2036 attenuant.

425 2074 488 2147 2)
532 2074 647 2135 Eae
688 2073 944 2154 radiceS‚
999 2093 1142 2153 quae
1182 2083 1385 2136 natura
1428 2075 1657 2153 longam
1705 2075 1956 2137 vocalem
2013 2073 2492 2154 complectuntur,

262 2171 375 2233 iam
421 2156 646 2253 pridem
689 2173 1158 2253 reduplicationis
1201 2174 1474 2236 iacturam
1529 2174 1820 2247 fecerunt,
1884 2174 2003 2235 scil.
2041 2187 2130 2248 ic,
2192 2172 2330 2246 eud,
2388 2172 2491 2246 fid,

262 2272 369 2345 sid,
415 2273 594 2353 Strid3
655 2273 1014 2352 excipiuntur
1067 2273 1207 2352 ped,
1263 2291 1407 2353 quae
1450 2294 1482 2335 e
1521 2272 1661 2352 pard
1708 2272 1966 2333 mutilata
2021 2281 2141 2346 est,
2198 2291 2369 2352 quam
2414 2271 2490 2332 ob

261 2391 386 2434 rem
430 2372 1001 2454 pepedi=peperdi
1041 2372 1110 2433 ad
1153 2373 1474 2452 analogiam
1518 2373 1906 2453 perfectorum
1948 2372 2179 2452 peperci
2224 2380 2281 2434 et
2318 2370 2490 2433 fefelli

262 2474 654 2552 explicandum
701 2482 791 2534 est
830 2492 878 2534 v.
924 2493 997 2545 S.‚
1062 2481 1121 2535 et
1160 2473 1327 2545 caed,
1372 2491 1516 2553 quae
1560 2492 1625 2534 ae
1670 2473 1727 2533 in
1771 2485 1796 2534 ῑ
1838 2472 2184 2534 attenuando
2225 2470 2492 2532 radicalis

263 2571 506 2650 syllabae
564 2571 792 2651 pondus
849 2573 1159 2633 imminuit.
1260 2572 1398 2633 Vide
1453 2580 1648 2634 tamen
1704 2572 1777 2632 de
1832 2571 2118 2633 radicibus
2172 2570 2254 2645 ic,
2309 2570 2387 2631 fid
2431 2578 2492 2630 et

262 2670 350 2732 sid
396 2690 444 2732 S.
488 2690 582 2750 pg.
627 2674 724 2734 65.

425 2772 486 2844 3>
529 2769 644 2830 Eae
673 2769 926 2842 radiceS‚
986 2789 1129 2850 quae
1172 2770 1460 2831 vocalibus
1503 2769 1846 2830 radicalibus
1888 2774 1921 2830 a
1964 2776 2022 2830 et
2066 2789 2098 2830 e
2164 2774 2299 2828 ante
2342 2766 2487 2828 Sim-

258 2870 464 2949 plicem
509 2877 921 2931 consonantem
967 2878 1218 2945 utuntur,
1260 2877 1320 2930 et
1360 2869 1518 2948 ipsae
1543 2869 1742 2930 Gunae
1782 2868 1871 2929 vel
1905 2842 2117 2930 Vrddis
2161 2865 2489 2927 incremen-

264 2975 382 3030 tum
425 2987 542 3029 non
584 2985 788 3046 passae
830 2976 978 3043 sunt,
1023 2969 1205 3031 immo
1248 2967 1456 3048 ubique
1500 2968 1560 3029 in
1605 2969 1857 3048 perfecto
1896 2965 2249 3046 reduplicato
2293 2969 2326 3025 a
2368 2964 2429 3025 in
2459 2968 2493 3027 ὅ

259 3069 345 3128 vel
382 3072 425 3139 ῑ,
469 3070 502 3128 ἕ
544 3066 603 3126 in
641 3070 668 3127 ἵ
711 3065 799 3126 vel
836 3069 1276 3142 iiattenuanteS,
1318 3076 1490 3148 atque
1532 3067 1665 3129 ideo
1690 3065 1933 3146 syllabae
1974 3063 2238 3126 radicalis
2265 3063 2495 3143 pondus

261 3166 601 3237 minuentes,
642 3165 944 3243 repetitam
989 3167 1256 3248 syllabam
1303 3185 1597 3282 nunquam
1619 3166 1966 3228 abiecerunt.
2021 3162 2492 3225 Contractionem

261 3273 452 3326 autem
497 3282 599 3325 eae
644 3263 942 3328 subierunt

421 3367 478 3440 a)
521 3382 664 3445 quae
704 3383 737 3423 a
780 3365 958 3425 vocali
1003 3365 1311 3445 incipiunt.
1351 3371 1438 3446 ag,
1477 3370 1580 3445 ap3
1623 3364 1712 3438 ed,
1761 3367 1876 3426 em.

424 3463 485 3538 b)
530 3481 672 3542 quae
711 3462 772 3522 in
819 3471 1045 3526 tenuem
1092 3474 1326 3527 exeunt:
1368 3469 1488 3544 cap,
1534 3465 1643 3541 fac,
1685 3464 1805 3540 ἰξος
1848 3461 2130 3542 excipitur
2171 3462 2293 3523 dec.

423 3569 477 3639 c)
520 3581 664 3643 quae
697 3581 729 3622 a
773 3564 1225 3625 consonantibus
1269 3566 1335 3640 fr,
1375 3565 1410 3638 l,
1456 3583 1505 3644 S,
1543 3584 1577 3624 v
1616 3564 1833 3638 ineunt,
1875 3562 1937 3622 in
1964 3560 2170 3623 ceteris
2211 3559 2491 3623 classibus

257 3662 766 3743 reduplicationem
810 3680 929 3723 non
973 3663 1384 3725 retinentibus:
1425 3664 1565 3742 frag,
1604 3664 1710 3743 leg,
1758 3662 1877 3736 sed,
1918 3680 2041 3722 ven.

423 3763 482 3832 d)
526 3760 677 3834 scith,
720 3762 881 3824 cuius
913 3763 1229 3841 perfectum
1258 3762 1413 3825 scabi
1454 3762 1524 3823 ad
1553 3762 1765 3823 veteris
1787 3760 2131 3823 Germaniae
2171 3760 2491 3840 superioris

258 3859 482 3923 dialecti
526 3862 844 3940 analogiam
889 3861 1284 3940 explicandum
1329 3861 1550 3922 videtur
1593 3881 1641 3922 v.
1688 3881 1734 3923 S.
1780 3880 1869 3941 pg.
1914 3861 2009 3925 60.

420 3961 689 4040 Reliquae
713 3961 880 4023 huius
904 3961 1106 4022 classis
1133 3960 1354 4046 radices
1375 3958 1887 4039 reduplicationem
1918 3960 2201 4039 integram
2228 3977 2490 4019 servave-

258 4069 412 4132 runt,
457 4059 581 4124 scil.
610 4065 738 4140 pag,
766 4060 1032 4140 pancad,
1076 4065 1198 4134 can,
1241 4065 1365 4138 tag3
1408 4060 1520 4138 pel,
1564 4061 1687 4138 per,
1731 4058 1837 4137 cel,
1879 4063 1992 4134 teu,
2035 4063 2187 4132 men,
2222 4057 2347 4131 dec,
2393 4057 2485 4120 tel.
