<?xml version="1.0" encoding="UTF-8"?>
<!DOCTYPE html PUBLIC "-//W3C//DTD XHTML 1.0 Transitional//EN"
    "http://www.w3.org/TR/xhtml1/DTD/xhtml1-transitional.dtd">
<html xmlns="http://www.w3.org/1999/xhtml" xml:lang="en" lang="en">
 <head>
  <title>
</title>
<meta http-equiv="Content-Type" content="text/html;charset=utf-8" />
  <meta name='ocr-system' content='tesseract 3.04.00' />
  <meta name='ocr-capabilities' content='ocr_page ocr_carea ocr_par ocr_line ocrx_word'/>
</head>
<body>
  <div class='ocr_page' id='page_1' title='image "./dereduplicatola00deecgoog_0018.png"; bbox 0 0 3109 4825; ppageno 0'>
   <div class='ocr_carea' id='block_1_1' title="bbox 1694 406 1768 467">
    <p class='ocr_par' dir='ltr' id='par_1_1' title="bbox 1694 406 1768 467">
     <span class='ocr_line' id='line_1_1' title="bbox 1694 406 1768 467; baseline 0 0"><span class='ocrx_word' id='word_1_1' title='bbox 1694 406 1768 467; x_wconf 91' lang='grc'>16</span> 
     </span>
    </p>
   </div>
   <div class='ocr_carea' id='block_1_2' title="bbox 1525 488 1937 497">
    <p class='ocr_par' dir='ltr' id='par_1_2' title="bbox 1525 488 1937 497">
     <span class='ocr_line' id='line_1_2' title="bbox 1525 488 1937 497; baseline 0 4328"><span class='ocrx_word' id='word_1_2' title='bbox 1525 488 1937 497; x_wconf 95' lang='lat' dir='ltr'> </span> 
     </span>
    </p>
   </div>
   <div class='ocr_carea' id='block_1_3' title="bbox 620 568 2852 4126">
    <p class='ocr_par' dir='ltr' id='par_1_3' title="bbox 785 568 2852 749">
     <span class='ocr_line' id='line_1_3' title="bbox 785 568 2852 654; baseline 0.002 -25"><span class='ocrx_word' id='word_1_3' title='bbox 785 568 996 649; x_wconf 75' lang='lat' dir='ltr'>optigit</span> <span class='ocrx_word' id='word_1_4' title='bbox 1052 570 1138 631; x_wconf 87' lang='lat' dir='ltr'>Pl.</span> <span class='ocrx_word' id='word_1_5' title='bbox 1179 570 1368 633; x_wconf 90' lang='lat' dir='ltr'>Stich.</span> <span class='ocrx_word' id='word_1_6' title='bbox 1415 571 1533 635; x_wconf 89' lang='lat'>384</span> <span class='ocrx_word' id='word_1_7' title='bbox 1592 573 1700 647; x_wconf 83' lang='grc' dir='ltr'><strong>(Βί.</strong></span> <span class='ocrx_word' id='word_1_8' title='bbox 1746 573 1957 654; x_wconf 83' lang='lat' dir='ltr'>optigit</span> <span class='ocrx_word' id='word_1_9' title='bbox 1997 571 2078 631; x_wconf 86' lang='lat' dir='ltr'>mi</span> <span class='ocrx_word' id='word_1_10' title='bbox 2119 569 2471 645; x_wconf 85' lang='lat' dir='ltr'>hereditas);</span> <span class='ocrx_word' id='word_1_11' title='bbox 2534 569 2677 631; x_wconf 81' lang='lat' dir='ltr'>nud.</span> <span class='ocrx_word' id='word_1_12' title='bbox 2724 570 2852 633; x_wconf 85' lang='lat'>927</span> 
     </span>
     <span class='ocr_line' id='line_1_4' title="bbox 1036 664 1497 749; baseline 0.004 -20"><span class='ocrx_word' id='word_1_13' title='bbox 1036 668 1282 749; x_wconf 83' lang='lat' dir='ltr'>(optigit,</span> <span class='ocrx_word' id='word_1_14' title='bbox 1325 664 1350 749; x_wconf 84' lang='grc' dir='ltr'>ΙΙ</span> <span class='ocrx_word' id='word_1_15' title='bbox 1393 672 1497 743; x_wconf 89' lang='lat' dir='ltr'>ut).</span> 
     </span>
    </p>

    <p class='ocr_par' dir='ltr' id='par_1_4' title="bbox 775 766 1354 831">
     <span class='ocr_line' id='line_1_5' title="bbox 775 766 1354 831; baseline 0.007 -4"><span class='ocrx_word' id='word_1_16' title='bbox 775 766 910 827; x_wconf 86' lang='lat' dir='ltr'>vixit</span> <span class='ocrx_word' id='word_1_17' title='bbox 948 766 1031 829; x_wconf 87' lang='lat' dir='ltr'>Pl.</span> <span class='ocrx_word' id='word_1_18' title='bbox 1078 767 1172 830; x_wconf 86' lang='lat' dir='ltr'>Ps.</span> <span class='ocrx_word' id='word_1_19' title='bbox 1216 770 1354 831; x_wconf 85' lang='lat'><strong>311.</strong></span> 
     </span>
    </p>

    <p class='ocr_par' dir='ltr' id='par_1_5' title="bbox 785 866 1746 945">
     <span class='ocr_line' id='line_1_6' title="bbox 785 866 1746 945; baseline 0.006 -20"><span class='ocrx_word' id='word_1_20' title='bbox 785 866 1036 945; x_wconf 82' lang='lat' dir='ltr'><strong>respexit</strong></span> <span class='ocrx_word' id='word_1_21' title='bbox 1081 868 1161 930; x_wconf 91' lang='lat' dir='ltr'>Pl.</span> <span class='ocrx_word' id='word_1_22' title='bbox 1206 868 1380 929; x_wconf 89' lang='lat' dir='ltr'>Poen.</span> <span class='ocrx_word' id='word_1_23' title='bbox 1423 867 1462 942; x_wconf 89' lang='lat'>1,</span> <span class='ocrx_word' id='word_1_24' title='bbox 1503 872 1559 943; x_wconf 85' lang='lat'>2,</span> <span class='ocrx_word' id='word_1_25' title='bbox 1611 872 1746 933; x_wconf 83' lang='lat'><strong>197.</strong></span> 
     </span>
    </p>

    <p class='ocr_par' dir='ltr' id='par_1_6' title="bbox 784 965 1611 1044">
     <span class='ocr_line' id='line_1_7' title="bbox 784 965 1611 1044; baseline 0.008 -19"><span class='ocrx_word' id='word_1_26' title='bbox 784 965 926 1026; x_wconf 89' lang='lat' dir='ltr'>emit</span> <span class='ocrx_word' id='word_1_27' title='bbox 965 965 1050 1027; x_wconf 90' lang='lat' dir='ltr'>Pl.</span> <span class='ocrx_word' id='word_1_28' title='bbox 1096 967 1269 1037; x_wconf 89' lang='lat' dir='ltr'>Poen.</span> <span class='ocrx_word' id='word_1_29' title='bbox 1311 968 1372 1042; x_wconf 86' lang='lat' dir='ltr'>V,</span> <span class='ocrx_word' id='word_1_30' title='bbox 1415 970 1471 1044; x_wconf 86' lang='lat'>2,</span> <span class='ocrx_word' id='word_1_31' title='bbox 1514 970 1611 1032; x_wconf 87' lang='grc'>99.</span> 
     </span>
    </p>

    <p class='ocr_par' dir='ltr' id='par_1_7' title="bbox 785 1062 1702 1147">
     <span class='ocr_line' id='line_1_8' title="bbox 785 1062 1702 1147; baseline 0.003 -19"><span class='ocrx_word' id='word_1_32' title='bbox 785 1066 990 1128; x_wconf 79' lang='lat' dir='ltr'>iussit:</span> <span class='ocrx_word' id='word_1_33' title='bbox 1031 1062 1054 1147; x_wconf 82' lang='grc' dir='ltr'>ΙΙ</span> <span class='ocrx_word' id='word_1_34' title='bbox 1099 1064 1176 1125; x_wconf 88' lang='lat' dir='ltr'>ibi</span> <span class='ocrx_word' id='word_1_35' title='bbox 1222 1065 1304 1125; x_wconf 91' lang='lat' dir='ltr'>Pl.</span> <span class='ocrx_word' id='word_1_36' title='bbox 1343 1066 1518 1130; x_wconf 85' lang='lat' dir='ltr'>Merc.</span> <span class='ocrx_word' id='word_1_37' title='bbox 1565 1070 1702 1133; x_wconf 85' lang='lat'><strong>358.</strong></span> 
     </span>
    </p>

    <p class='ocr_par' dir='ltr' id='par_1_8' title="bbox 784 1165 1480 1246">
     <span class='ocr_line' id='line_1_9' title="bbox 784 1165 1480 1246; baseline 0.004 -20"><span class='ocrx_word' id='word_1_38' title='bbox 784 1173 976 1246; x_wconf 73' lang='lat' dir='ltr'>potuit</span> <span class='ocrx_word' id='word_1_39' title='bbox 1013 1166 1096 1227; x_wconf 91' lang='lat' dir='ltr'>Pl.</span> <span class='ocrx_word' id='word_1_40' title='bbox 1143 1165 1258 1228; x_wconf 87' lang='lat' dir='ltr'>Mil.</span> <span class='ocrx_word' id='word_1_41' title='bbox 1309 1168 1480 1231; x_wconf 81' lang='lat'>1076.</span> 
     </span>
    </p>

    <p class='ocr_par' dir='ltr' id='par_1_9' title="bbox 783 1263 1493 1330">
     <span class='ocr_line' id='line_1_10' title="bbox 783 1263 1493 1330; baseline 0.004 -5"><span class='ocrx_word' id='word_1_42' title='bbox 783 1266 982 1328; x_wconf 71' lang='lat' dir='ltr'>docuit</span> <span class='ocrx_word' id='word_1_43' title='bbox 1023 1265 1086 1326; x_wconf 93' lang='grc' dir='ltr'>Τ.</span> <span class='ocrx_word' id='word_1_44' title='bbox 1132 1264 1195 1325; x_wconf 88' lang='lat' dir='ltr'>L.</span> <span class='ocrx_word' id='word_1_45' title='bbox 1235 1263 1353 1326; x_wconf 88' lang='lat' dir='ltr'>Liv.</span> <span class='ocrx_word' id='word_1_46' title='bbox 1397 1268 1493 1330; x_wconf 83' lang='lat'>33.</span> 
     </span>
    </p>

    <p class='ocr_par' dir='ltr' id='par_1_10' title="bbox 784 1359 1947 1445">
     <span class='ocr_line' id='line_1_11' title="bbox 784 1359 1947 1445; baseline 0.003 -19"><span class='ocrx_word' id='word_1_47' title='bbox 784 1365 988 1426; x_wconf 83' lang='lat' dir='ltr'>enituit</span> <span class='ocrx_word' id='word_1_48' title='bbox 1031 1359 1056 1445; x_wconf 79' lang='grc' dir='ltr'>ΙΙ</span> <span class='ocrx_word' id='word_1_49' title='bbox 1099 1363 1349 1442; x_wconf 89' lang='lat' dir='ltr'>impulso</span> <span class='ocrx_word' id='word_1_50' title='bbox 1391 1365 1553 1445; x_wconf 84' lang='lat' dir='ltr'>Verg.</span> <span class='ocrx_word' id='word_1_51' title='bbox 1599 1366 1666 1429; x_wconf 88' lang='lat' dir='ltr'>G.</span> <span class='ocrx_word' id='word_1_52' title='bbox 1712 1368 1766 1441; x_wconf 83' lang='lat'>2,</span> <span class='ocrx_word' id='word_1_53' title='bbox 1807 1369 1947 1429; x_wconf 82' lang='lat'><strong>211.</strong></span> 
     </span>
    </p>

    <p class='ocr_par' dir='ltr' id='par_1_11' title="bbox 783 1463 2536 1542">
     <span class='ocr_line' id='line_1_12' title="bbox 783 1463 2536 1542; baseline -0.001 -18"><span class='ocrx_word' id='word_1_54' title='bbox 783 1463 945 1525; x_wconf 86' lang='lat' dir='ltr'>illisit</span> <span class='ocrx_word' id='word_1_55' title='bbox 987 1482 1119 1531; x_wconf 85' lang='lat' dir='ltr'>ossa</span> <span class='ocrx_word' id='word_1_56' title='bbox 1164 1464 1329 1542; x_wconf 83' lang='lat' dir='ltr'>Verg.</span> <span class='ocrx_word' id='word_1_57' title='bbox 1373 1463 1513 1527; x_wconf 87' lang='lat' dir='ltr'>Aen.</span> <span class='ocrx_word' id='word_1_58' title='bbox 1556 1470 1614 1539; x_wconf 84' lang='lat'>5,</span> <span class='ocrx_word' id='word_1_59' title='bbox 1654 1466 1776 1529; x_wconf 89' lang='grc'>480</span> <span class='ocrx_word' id='word_1_60' title='bbox 1820 1464 2009 1538; x_wconf 88' lang='lat' dir='ltr'>(Ribb.</span> <span class='ocrx_word' id='word_1_61' title='bbox 2054 1463 2214 1525; x_wconf 80' lang='lat' dir='ltr'>illisit</span> <span class='ocrx_word' id='word_1_62' title='bbox 2256 1464 2315 1523; x_wconf 90' lang='lat' dir='ltr'>in</span> <span class='ocrx_word' id='word_1_63' title='bbox 2360 1467 2536 1537; x_wconf 77' lang='lat' dir='ltr'>ossa).</span> 
     </span>
    </p>

    <p class='ocr_par' dir='ltr' id='par_1_12' title="bbox 788 1558 1821 1644">
     <span class='ocr_line' id='line_1_13' title="bbox 788 1558 1821 1644; baseline 0.001 -21"><span class='ocrx_word' id='word_1_64' title='bbox 788 1563 1054 1624; x_wconf 89' lang='lat' dir='ltr'>occubuit</span> <span class='ocrx_word' id='word_1_65' title='bbox 1093 1558 1116 1644; x_wconf 89' lang='grc' dir='ltr'>ΙΙ</span> <span class='ocrx_word' id='word_1_66' title='bbox 1159 1562 1220 1623; x_wconf 89' lang='lat' dir='ltr'>in</span> <span class='ocrx_word' id='word_1_67' title='bbox 1264 1563 1364 1624; x_wconf 90' lang='lat' dir='ltr'>Ov.</span> <span class='ocrx_word' id='word_1_68' title='bbox 1406 1563 1539 1625; x_wconf 87' lang='lat' dir='ltr'>Her.</span> <span class='ocrx_word' id='word_1_69' title='bbox 1584 1566 1639 1637; x_wconf 88' lang='lat'>9,</span> <span class='ocrx_word' id='word_1_70' title='bbox 1689 1567 1821 1628; x_wconf 89' lang='lat'>141.</span> 
     </span>
    </p>

    <p class='ocr_par' dir='ltr' id='par_1_13' title="bbox 621 1662 2446 2140">
     <span class='ocr_line' id='line_1_14' title="bbox 717 1662 1984 1744; baseline 0 -23"><span class='ocrx_word' id='word_1_71' title='bbox 717 1712 725 1721; x_wconf 83' lang='lat'>.</span> <span class='ocrx_word' id='word_1_72' title='bbox 785 1662 1080 1741; x_wconf 89' lang='lat' dir='ltr'>prosiluit:</span> <span class='ocrx_word' id='word_1_73' title='bbox 1121 1662 1388 1744; x_wconf 82' lang='lat' dir='ltr'>Ityosque</span> <span class='ocrx_word' id='word_1_74' title='bbox 1429 1664 1528 1725; x_wconf 90' lang='lat' dir='ltr'>Ov.</span> <span class='ocrx_word' id='word_1_75' title='bbox 1572 1664 1706 1725; x_wconf 88' lang='lat' dir='ltr'>Met.</span> <span class='ocrx_word' id='word_1_76' title='bbox 1751 1665 1805 1738; x_wconf 84' lang='lat'>6,</span> <span class='ocrx_word' id='word_1_77' title='bbox 1847 1666 1984 1727; x_wconf 84' lang='lat'><strong>658.</strong></span> 
     </span>
     <span class='ocr_line' id='line_1_15' title="bbox 782 1758 2053 1843; baseline 0.002 -21"><span class='ocrx_word' id='word_1_78' title='bbox 782 1761 1045 1841; x_wconf 83' lang='lat' dir='ltr'>impediit</span> <span class='ocrx_word' id='word_1_79' title='bbox 1089 1758 1112 1843; x_wconf 83' lang='grc' dir='ltr'>ΙΙ</span> <span class='ocrx_word' id='word_1_80' title='bbox 1154 1770 1212 1823; x_wconf 92' lang='lat' dir='ltr'>et</span> <span class='ocrx_word' id='word_1_81' title='bbox 1251 1762 1407 1823; x_wconf 91' lang='lat' dir='ltr'>inani</span> <span class='ocrx_word' id='word_1_82' title='bbox 1453 1763 1550 1824; x_wconf 88' lang='lat' dir='ltr'>Ov.</span> <span class='ocrx_word' id='word_1_83' title='bbox 1596 1763 1729 1824; x_wconf 86' lang='lat' dir='ltr'>Met.</span> <span class='ocrx_word' id='word_1_84' title='bbox 1779 1764 1869 1836; x_wconf 87' lang='lat'>12,</span> <span class='ocrx_word' id='word_1_85' title='bbox 1914 1764 2053 1826; x_wconf 89' lang='grc'><strong>392.</strong></span> 
     </span>
     <span class='ocr_line' id='line_1_16' title="bbox 873 1860 2102 1941; baseline -0.001 -19"><span class='ocrx_word' id='word_1_86' title='bbox 873 1860 1136 1941; x_wconf 87' lang='lat' dir='ltr'>impediit</span> <span class='ocrx_word' id='word_1_87' title='bbox 1174 1860 1536 1941; x_wconf 81' lang='lat' dir='ltr'>Hymenaeos</span> <span class='ocrx_word' id='word_1_88' title='bbox 1578 1862 1695 1922; x_wconf 88' lang='lat' dir='ltr'>Val.</span> <span class='ocrx_word' id='word_1_89' title='bbox 1742 1860 1823 1923; x_wconf 84' lang='lat' dir='ltr'>Fl.</span> <span class='ocrx_word' id='word_1_90' title='bbox 1870 1863 1923 1936; x_wconf 82' lang='lat'>8,</span> <span class='ocrx_word' id='word_1_91' title='bbox 1964 1863 2102 1925; x_wconf 87' lang='grc'><strong>259.</strong></span> 
     </span>
     <span class='ocr_line' id='line_1_17' title="bbox 664 1960 2082 2043; baseline -0.002 -21"><span class='ocrx_word' id='word_1_92' title='bbox 664 2038 669 2043; x_wconf 14' lang='grc' dir='ltr'>ἡ</span> <span class='ocrx_word' id='word_1_93' title='bbox 785 1961 1048 2040; x_wconf 85' lang='lat' dir='ltr'>perrupit</span> <span class='ocrx_word' id='word_1_94' title='bbox 1092 1961 1418 2022; x_wconf 82' lang='lat' dir='ltr'>Acheronta</span> <span class='ocrx_word' id='word_1_95' title='bbox 1461 1960 1602 2021; x_wconf 89' lang='lat' dir='ltr'>Hor.</span> <span class='ocrx_word' id='word_1_96' title='bbox 1645 1960 1750 2023; x_wconf 91' lang='lat' dir='ltr'>Od.</span> <span class='ocrx_word' id='word_1_97' title='bbox 1799 1962 1839 2033; x_wconf 86' lang='lat' dir='ltr'>l,</span> <span class='ocrx_word' id='word_1_98' title='bbox 1886 1964 1939 2033; x_wconf 87' lang='lat'>3,</span> <span class='ocrx_word' id='word_1_99' title='bbox 1986 1964 2082 2025; x_wconf 85' lang='lat'>36.</span> 
     </span>
     <span class='ocr_line' id='line_1_18' title="bbox 621 2059 2446 2140; baseline 0 -20"><span class='ocrx_word' id='word_1_100' title='bbox 621 2060 818 2122; x_wconf 82' lang='lat' dir='ltr'>Restat</span> <span class='ocrx_word' id='word_1_101' title='bbox 859 2059 1124 2140; x_wconf 91' lang='lat' dir='ltr'>posedeit</span> <span class='ocrx_word' id='word_1_102' title='bbox 1171 2059 1232 2119; x_wconf 91' lang='lat' dir='ltr'>in</span> <span class='ocrx_word' id='word_1_103' title='bbox 1277 2068 1315 2121; x_wconf 91' lang='lat' dir='ltr'>t.</span> <span class='ocrx_word' id='word_1_104' title='bbox 1361 2060 1618 2140; x_wconf 87' lang='lat' dir='ltr'>Genuat.,</span> <span class='ocrx_word' id='word_1_105' title='bbox 1660 2060 1907 2121; x_wconf 81' lang='lat' dir='ltr'>fortasse</span> <span class='ocrx_word' id='word_1_106' title='bbox 1948 2059 2223 2138; x_wconf 80' lang='lat' dir='ltr'>lapicidae</span> <span class='ocrx_word' id='word_1_107' title='bbox 2266 2077 2446 2121; x_wconf 88' lang='lat' dir='ltr'>error.</span> 
     </span>
    </p>

    <p class='ocr_par' dir='ltr' id='par_1_14' title="bbox 620 2156 2845 3117">
     <span class='ocr_line' id='line_1_19' title="bbox 785 2156 2840 2239; baseline 0 -21"><span class='ocrx_word' id='word_1_108' title='bbox 785 2158 980 2220; x_wconf 89' lang='lat' dir='ltr'>Prima</span> <span class='ocrx_word' id='word_1_109' title='bbox 1026 2160 1173 2238; x_wconf 84' lang='lat' dir='ltr'>plur.</span> <span class='ocrx_word' id='word_1_110' title='bbox 1216 2162 1462 2239; x_wconf 87' lang='lat' dir='ltr'>persona</span> <span class='ocrx_word' id='word_1_111' title='bbox 1508 2160 1710 2238; x_wconf 90' lang='lat' dir='ltr'>procul</span> <span class='ocrx_word' id='word_1_112' title='bbox 1748 2160 1921 2220; x_wconf 89' lang='lat' dir='ltr'>dubio</span> <span class='ocrx_word' id='word_1_113' title='bbox 1966 2157 2025 2218; x_wconf 93' lang='lat' dir='ltr'>in</span> <span class='ocrx_word' id='word_1_114' title='bbox 2064 2163 2243 2222; x_wconf 71' lang='lat' dir='ltr'>amas</span> <span class='ocrx_word' id='word_1_115' title='bbox 2266 2158 2404 2220; x_wconf 89' lang='lat' dir='ltr'>olim</span> <span class='ocrx_word' id='word_1_116' title='bbox 2450 2156 2603 2219; x_wconf 83' lang='lat' dir='ltr'>exiit.</span> <span class='ocrx_word' id='word_1_117' title='bbox 2641 2156 2840 2219; x_wconf 82' lang='lat' dir='ltr'>Latina</span> 
     </span>
     <span class='ocr_line' id='line_1_20' title="bbox 621 2257 2842 2338; baseline -0 -20"><span class='ocrx_word' id='word_1_118' title='bbox 621 2257 809 2337; x_wconf 85' lang='lat' dir='ltr'>lingua</span> <span class='ocrx_word' id='word_1_119' title='bbox 852 2258 1104 2337; x_wconf 84' lang='lat' dir='ltr'>priorem</span> <span class='ocrx_word' id='word_1_120' title='bbox 1151 2264 1183 2321; x_wconf 68' lang='lat' dir='ltr'>a</span> <span class='ocrx_word' id='word_1_121' title='bbox 1227 2258 1551 2333; x_wconf 81' lang='lat' dir='ltr'>attenuavit,</span> <span class='ocrx_word' id='word_1_122' title='bbox 1610 2258 1997 2338; x_wconf 85' lang='lat' dir='ltr'>posteriorem</span> <span class='ocrx_word' id='word_1_123' title='bbox 2044 2258 2396 2330; x_wconf 70' lang='lat' dir='ltr'>obscuravit,</span> <span class='ocrx_word' id='word_1_124' title='bbox 2466 2266 2669 2318; x_wconf 87' lang='lat' dir='ltr'>contra</span> <span class='ocrx_word' id='word_1_125' title='bbox 2708 2275 2842 2337; x_wconf 83' lang='lat' dir='ltr'>ger-</span> 
     </span>
     <span class='ocr_line' id='line_1_21' title="bbox 622 2349 2841 2438; baseline -0 -20"><span class='ocrx_word' id='word_1_126' title='bbox 622 2356 845 2419; x_wconf 89' lang='lat' dir='ltr'>manica</span> <span class='ocrx_word' id='word_1_127' title='bbox 888 2364 1049 2419; x_wconf 90' lang='lat' dir='ltr'>vetus</span> <span class='ocrx_word' id='word_1_128' title='bbox 1093 2349 1241 2434; x_wconf 83' lang='lat' dir='ltr'>fecit,</span> <span class='ocrx_word' id='word_1_129' title='bbox 1300 2359 1460 2422; x_wconf 90' lang='lat' dir='ltr'>cuius</span> <span class='ocrx_word' id='word_1_130' title='bbox 1503 2369 1537 2422; x_wconf 76' lang='lat' dir='ltr'>e</span> <span class='ocrx_word' id='word_1_131' title='bbox 1579 2358 1638 2421; x_wconf 92' lang='lat' dir='ltr'>in</span> <span class='ocrx_word' id='word_1_132' title='bbox 1683 2362 1849 2421; x_wconf 71' lang='lat' dir='ltr'>umes</span> <span class='ocrx_word' id='word_1_133' title='bbox 1893 2356 2283 2437; x_wconf 85' lang='lat' dir='ltr'>irregulariter</span> <span class='ocrx_word' id='word_1_134' title='bbox 2313 2356 2662 2438; x_wconf 45' lang='lat' dir='ltr'>‘productam</span> <span class='ocrx_word' id='word_1_135' title='bbox 2702 2363 2841 2437; x_wconf 88' lang='lat' dir='ltr'>puto</span> 
     </span>
     <span class='ocr_line' id='line_1_22' title="bbox 620 2442 2841 2538; baseline 0 -22"><span class='ocrx_word' id='word_1_136' title='bbox 620 2467 864 2536; x_wconf 90' lang='lat' dir='ltr'>propter</span> <span class='ocrx_word' id='word_1_137' title='bbox 915 2455 1221 2519; x_wconf 89' lang='lat' dir='ltr'>obtunsam</span> <span class='ocrx_word' id='word_1_138' title='bbox 1265 2460 1528 2538; x_wconf 85' lang='lat' dir='ltr'>gothicae</span> <span class='ocrx_word' id='word_1_139' title='bbox 1569 2471 1627 2520; x_wconf 93' lang='lat' dir='ltr'>et</span> <span class='ocrx_word' id='word_1_140' title='bbox 1662 2457 1911 2519; x_wconf 88' lang='lat' dir='ltr'>borealis</span> <span class='ocrx_word' id='word_1_141' title='bbox 1952 2442 2199 2520; x_wconf 83' lang='lat' dir='ltr'>formam</span> <span class='ocrx_word' id='word_1_142' title='bbox 2241 2461 2360 2520; x_wconf 67' lang='lat' dir='ltr'>iim.</span> <span class='ocrx_word' id='word_1_143' title='bbox 2448 2457 2660 2518; x_wconf 86' lang='lat' dir='ltr'>Graeca</span> <span class='ocrx_word' id='word_1_144' title='bbox 2712 2457 2841 2537; x_wconf 93' lang='lat' dir='ltr'>qui-</span> 
     </span>
     <span class='ocr_line' id='line_1_23' title="bbox 622 2554 2841 2636; baseline 0 -20"><span class='ocrx_word' id='word_1_145' title='bbox 622 2554 754 2617; x_wconf 90' lang='lat' dir='ltr'>dem</span> <span class='ocrx_word' id='word_1_146' title='bbox 793 2556 984 2636; x_wconf 83' lang='lat' dir='ltr'>lingua</span> <span class='ocrx_word' id='word_1_147' title='bbox 1027 2558 1444 2621; x_wconf 89' lang='lat' dir='ltr'>coniunctivam</span> <span class='ocrx_word' id='word_1_148' title='bbox 1489 2564 1522 2621; x_wconf 66' lang='lat' dir='ltr'>a</span> <span class='ocrx_word' id='word_1_149' title='bbox 1567 2559 1687 2618; x_wconf 89' lang='lat' dir='ltr'>sola</span> <span class='ocrx_word' id='word_1_150' title='bbox 1734 2557 1988 2630; x_wconf 89' lang='lat' dir='ltr'>servavit,</span> <span class='ocrx_word' id='word_1_151' title='bbox 2050 2559 2150 2619; x_wconf 89' lang='lat' dir='ltr'>sed</span> <span class='ocrx_word' id='word_1_152' title='bbox 2194 2559 2429 2620; x_wconf 87' lang='lat' dir='ltr'>alteram</span> <span class='ocrx_word' id='word_1_153' title='bbox 2475 2561 2507 2619; x_wconf 73' lang='lat' dir='ltr'>a</span> <span class='ocrx_word' id='word_1_154' title='bbox 2550 2558 2611 2617; x_wconf 92' lang='lat' dir='ltr'>in</span> <span class='ocrx_word' id='word_1_155' title='bbox 2655 2573 2687 2616; x_wconf 82' lang='grc' dir='ltr'><strong><em>ε</em></strong></span> <span class='ocrx_word' id='word_1_156' title='bbox 2727 2557 2841 2617; x_wconf 91' lang='lat' dir='ltr'>im-</span> 
     </span>
     <span class='ocr_line' id='line_1_24' title="bbox 621 2654 2841 2737; baseline 0.001 -22"><span class='ocrx_word' id='word_1_157' title='bbox 621 2654 860 2730; x_wconf 88' lang='lat' dir='ltr'>minuit,</span> <span class='ocrx_word' id='word_1_158' title='bbox 914 2655 1128 2717; x_wconf 82' lang='lat' dir='ltr'>abiecta</span> <span class='ocrx_word' id='word_1_159' title='bbox 1189 2677 1218 2718; x_wconf 89' lang='lat' dir='ltr'>s</span> <span class='ocrx_word' id='word_1_160' title='bbox 1274 2658 1461 2731; x_wconf 86' lang='lat' dir='ltr'>finali,</span> <span class='ocrx_word' id='word_1_161' title='bbox 1518 2657 1679 2718; x_wconf 90' lang='lat' dir='ltr'>cuius</span> <span class='ocrx_word' id='word_1_162' title='bbox 1735 2659 1866 2718; x_wconf 91' lang='lat' dir='ltr'>loco</span> <span class='ocrx_word' id='word_1_163' title='bbox 1922 2675 1955 2714; x_wconf 83' lang='grc' dir='ltr'>-ν</span> <span class='ocrx_word' id='word_1_164' title='bbox 2011 2657 2485 2737; x_wconf 77' lang='lat' dir='ltr'>(ephelcysticon)</span> <span class='ocrx_word' id='word_1_165' title='bbox 2541 2656 2718 2716; x_wconf 84' lang='lat' dir='ltr'>affixit</span> <span class='ocrx_word' id='word_1_166' title='bbox 2774 2657 2841 2718; x_wconf 86' lang='lat' dir='ltr'>cf.</span> 
     </span>
     <span class='ocr_line' id='line_1_25' title="bbox 623 2753 2845 2835; baseline 0 -20"><span class='ocrx_word' id='word_1_167' title='bbox 623 2753 879 2816; x_wconf 85' lang='lat' dir='ltr'>doricam</span> <span class='ocrx_word' id='word_1_168' title='bbox 925 2755 1387 2818; x_wconf 82' lang='lat' dir='ltr'>terminationem</span> <span class='ocrx_word' id='word_1_169' title='bbox 1435 2755 1610 2834; x_wconf 81' lang='grc' dir='ltr'><strong>ἄμες.</strong></span> <span class='ocrx_word' id='word_1_170' title='bbox 1654 2786 1662 2795; x_wconf 44' lang='grc'>’-</span> <span class='ocrx_word' id='word_1_171' title='bbox 1697 2756 1989 2817; x_wconf 87' lang='lat' dir='ltr'>Sanscrita</span> <span class='ocrx_word' id='word_1_172' title='bbox 2035 2766 2169 2818; x_wconf 87' lang='lat' dir='ltr'>vero</span> <span class='ocrx_word' id='word_1_173' title='bbox 2215 2763 2273 2818; x_wconf 90' lang='lat' dir='ltr'>et</span> <span class='ocrx_word' id='word_1_174' title='bbox 2310 2755 2597 2818; x_wconf 85' lang='lat' dir='ltr'>bactriana</span> <span class='ocrx_word' id='word_1_175' title='bbox 2638 2756 2845 2835; x_wconf 86' lang='lat' dir='ltr'>lingua,</span> 
     </span>
     <span class='ocr_line' id='line_1_26' title="bbox 627 2856 2843 2934; baseline 0 -19"><span class='ocrx_word' id='word_1_176' title='bbox 627 2856 882 2934; x_wconf 87' lang='lat' dir='ltr'>quamvis</span> <span class='ocrx_word' id='word_1_177' title='bbox 924 2856 1136 2916; x_wconf 89' lang='lat' dir='ltr'>amissa</span> <span class='ocrx_word' id='word_1_178' title='bbox 1167 2876 1231 2930; x_wconf 86' lang='lat' dir='ltr'>s,</span> <span class='ocrx_word' id='word_1_179' title='bbox 1277 2862 1310 2918; x_wconf 70' lang='lat' dir='ltr'>a</span> <span class='ocrx_word' id='word_1_180' title='bbox 1355 2864 1544 2918; x_wconf 88' lang='lat' dir='ltr'>tamen</span> <span class='ocrx_word' id='word_1_181' title='bbox 1591 2857 2054 2931; x_wconf 81' lang='lat' dir='ltr'>antecedentem,</span> <span class='ocrx_word' id='word_1_182' title='bbox 2106 2864 2376 2918; x_wconf 89' lang='lat' dir='ltr'>accentus</span> <span class='ocrx_word' id='word_1_183' title='bbox 2417 2856 2500 2931; x_wconf 89' lang='lat' dir='ltr'>vi,</span> <span class='ocrx_word' id='word_1_184' title='bbox 2559 2856 2843 2933; x_wconf 84' lang='lat' dir='ltr'>integram</span> 
     </span>
     <span class='ocr_line' id='line_1_27' title="bbox 625 2947 2843 3031; baseline 0 -18"><span class='ocrx_word' id='word_1_185' title='bbox 625 2953 1012 3031; x_wconf 88' lang='lat' dir='ltr'>retinuerunt,</span> <span class='ocrx_word' id='word_1_186' title='bbox 1070 2956 1488 3019; x_wconf 87' lang='lat' dir='ltr'>coniunctivam</span> <span class='ocrx_word' id='word_1_187' title='bbox 1532 2947 1723 3018; x_wconf 75' lang='lat' dir='ltr'>autem</span> <span class='ocrx_word' id='word_1_188' title='bbox 1769 2962 1802 3018; x_wconf 70' lang='lat' dir='ltr'>a</span> <span class='ocrx_word' id='word_1_189' title='bbox 1848 2957 1966 3030; x_wconf 91' lang='lat' dir='ltr'>illa,</span> <span class='ocrx_word' id='word_1_190' title='bbox 2019 2963 2081 3016; x_wconf 90' lang='lat' dir='ltr'>ut</span> <span class='ocrx_word' id='word_1_191' title='bbox 2117 2957 2308 3028; x_wconf 84' lang='lat' dir='ltr'>latina,</span> <span class='ocrx_word' id='word_1_192' title='bbox 2352 2955 2411 3016; x_wconf 91' lang='lat' dir='ltr'>in</span> <span class='ocrx_word' id='word_1_193' title='bbox 2449 2961 2477 3016; x_wconf 84' lang='grc' dir='ltr'>ῑ</span> <span class='ocrx_word' id='word_1_194' title='bbox 2518 2953 2843 3030; x_wconf 87' lang='lat' dir='ltr'>debilitavit,</span> 
     </span>
     <span class='ocr_line' id='line_1_28' title="bbox 624 3043 2150 3117; baseline 0.006 -4"><span class='ocrx_word' id='word_1_195' title='bbox 624 3053 768 3115; x_wconf 87' lang='lat' dir='ltr'>haec</span> <span class='ocrx_word' id='word_1_196' title='bbox 810 3054 1048 3115; x_wconf 89' lang='lat' dir='ltr'>omnino</span> <span class='ocrx_word' id='word_1_197' title='bbox 1092 3055 1259 3117; x_wconf 90' lang='lat' dir='ltr'>elisit.</span> <span class='ocrx_word' id='word_1_198' title='bbox 2082 3043 2085 3046; x_wconf 26' lang='lat'><strong>⁴</strong></span> <span class='ocrx_word' id='word_1_199' title='bbox 2143 3049 2150 3056; x_wconf 50' lang='lat'>⁵</span> 
     </span>
    </p>

    <p class='ocr_par' dir='ltr' id='par_1_15' title="bbox 625 3152 2845 4126">
     <span class='ocr_line' id='line_1_29' title="bbox 790 3152 2842 3234; baseline -0.001 -19"><span class='ocrx_word' id='word_1_200' title='bbox 790 3154 906 3215; x_wconf 90' lang='lat' dir='ltr'>Nec</span> <span class='ocrx_word' id='word_1_201' title='bbox 957 3155 1150 3215; x_wconf 91' lang='lat' dir='ltr'>minus</span> <span class='ocrx_word' id='word_1_202' title='bbox 1211 3153 1422 3228; x_wconf 90' lang='lat' dir='ltr'>elucet,</span> <span class='ocrx_word' id='word_1_203' title='bbox 1490 3156 1773 3218; x_wconf 89' lang='lat' dir='ltr'>secundae</span> <span class='ocrx_word' id='word_1_204' title='bbox 1838 3154 1987 3234; x_wconf 89' lang='lat' dir='ltr'>plur.</span> <span class='ocrx_word' id='word_1_205' title='bbox 2042 3171 2323 3233; x_wconf 85' lang='lat' dir='ltr'>personae</span> <span class='ocrx_word' id='word_1_206' title='bbox 2381 3152 2842 3214; x_wconf 87' lang='lat' dir='ltr'>terminationem</span> 
     </span>
     <span class='ocr_line' id='line_1_30' title="bbox 625 3251 2845 3334; baseline -0.001 -20"><span class='ocrx_word' id='word_1_207' title='bbox 625 3258 782 3314; x_wconf 70' lang='lat' dir='ltr'>astas</span> <span class='ocrx_word' id='word_1_208' title='bbox 823 3253 1112 3333; x_wconf 89' lang='lat' dir='ltr'>quondam</span> <span class='ocrx_word' id='word_1_209' title='bbox 1155 3253 1358 3328; x_wconf 84' lang='lat' dir='ltr'>fuisse,</span> <span class='ocrx_word' id='word_1_210' title='bbox 1415 3255 1504 3315; x_wconf 93' lang='lat' dir='ltr'>cui</span> <span class='ocrx_word' id='word_1_211' title='bbox 1549 3255 1811 3334; x_wconf 84' lang='lat' dir='ltr'>proxime</span> <span class='ocrx_word' id='word_1_212' title='bbox 1852 3253 2063 3314; x_wconf 91' lang='lat' dir='ltr'>iterum</span> <span class='ocrx_word' id='word_1_213' title='bbox 2107 3252 2279 3314; x_wconf 83' lang='lat' dir='ltr'>latina</span> <span class='ocrx_word' id='word_1_214' title='bbox 2320 3252 2450 3314; x_wconf 68' lang='lat' dir='ltr'>istis</span> <span class='ocrx_word' id='word_1_215' title='bbox 2495 3251 2741 3326; x_wconf 87' lang='lat' dir='ltr'>accedit,</span> <span class='ocrx_word' id='word_1_216' title='bbox 2782 3260 2845 3312; x_wconf 90' lang='lat' dir='ltr'>ut</span> 
     </span>
     <span class='ocr_line' id='line_1_31' title="bbox 627 3351 2844 3431; baseline 0 -19"><span class='ocrx_word' id='word_1_217' title='bbox 627 3352 686 3412; x_wconf 92' lang='lat' dir='ltr'>in</span> <span class='ocrx_word' id='word_1_218' title='bbox 752 3353 1023 3430; x_wconf 86' lang='lat' dir='ltr'>singulari</span> <span class='ocrx_word' id='word_1_219' title='bbox 1086 3352 1183 3414; x_wconf 90' lang='lat' dir='ltr'>isti</span> <span class='ocrx_word' id='word_1_220' title='bbox 1247 3373 1280 3414; x_wconf 92' lang='lat' dir='ltr'>a</span> <span class='ocrx_word' id='word_1_221' title='bbox 1342 3353 1730 3417; x_wconf 88' lang='lat' dir='ltr'>vetustissima</span> <span class='ocrx_word' id='word_1_222' title='bbox 1796 3355 1982 3414; x_wconf 79' lang='lat' dir='ltr'>forma</span> <span class='ocrx_word' id='word_1_223' title='bbox 2050 3357 2173 3414; x_wconf 73' lang='lat' dir='ltr'>asta</span> <span class='ocrx_word' id='word_1_224' title='bbox 2235 3351 2470 3414; x_wconf 89' lang='lat' dir='ltr'>minime</span> <span class='ocrx_word' id='word_1_225' title='bbox 2539 3351 2844 3431; x_wconf 85' lang='lat' dir='ltr'>discrepat.</span> 
     </span>
     <span class='ocr_line' id='line_1_32' title="bbox 628 3450 2841 3533; baseline -0.001 -21"><span class='ocrx_word' id='word_1_226' title='bbox 628 3451 888 3531; x_wconf 80' lang='lat' dir='ltr'>vulgaris</span> <span class='ocrx_word' id='word_1_227' title='bbox 931 3460 1132 3533; x_wconf 90' lang='lat' dir='ltr'>postea</span> <span class='ocrx_word' id='word_1_228' title='bbox 1175 3471 1368 3513; x_wconf 89' lang='lat' dir='ltr'>sermo</span> <span class='ocrx_word' id='word_1_229' title='bbox 1427 3453 1638 3515; x_wconf 90' lang='lat' dir='ltr'>latinus</span> <span class='ocrx_word' id='word_1_230' title='bbox 1678 3453 1915 3515; x_wconf 88' lang='lat' dir='ltr'>alteram</span> <span class='ocrx_word' id='word_1_231' title='bbox 1952 3457 1979 3515; x_wconf 81' lang='grc' dir='ltr'>ῑ</span> <span class='ocrx_word' id='word_1_232' title='bbox 2018 3451 2083 3521; x_wconf 85' lang='lat' dir='ltr'>in</span> <span class='ocrx_word' id='word_1_233' title='bbox 2124 3455 2157 3514; x_wconf 70' lang='lat' dir='ltr'>‘e</span> <span class='ocrx_word' id='word_1_234' title='bbox 2198 3450 2538 3524; x_wconf 87' lang='lat' dir='ltr'>debilitavit,</span> <span class='ocrx_word' id='word_1_235' title='bbox 2596 3469 2739 3531; x_wconf 91' lang='lat' dir='ltr'>quae</span> <span class='ocrx_word' id='word_1_236' title='bbox 2780 3451 2841 3511; x_wconf 92' lang='lat' dir='ltr'>in</span> 
     </span>
     <span class='ocr_line' id='line_1_33' title="bbox 627 3549 2844 3634; baseline 0.001 -23"><span class='ocrx_word' id='word_1_237' title='bbox 627 3551 942 3612; x_wconf 88' lang='lat' dir='ltr'>romanicis</span> <span class='ocrx_word' id='word_1_238' title='bbox 991 3551 1200 3630; x_wconf 88' lang='lat' dir='ltr'>linguis</span> <span class='ocrx_word' id='word_1_239' title='bbox 1256 3552 1568 3632; x_wconf 84' lang='lat' dir='ltr'>praevaluit</span> <span class='ocrx_word' id='word_1_240' title='bbox 1626 3554 1693 3615; x_wconf 83' lang='lat' dir='ltr'>cf.</span> <span class='ocrx_word' id='word_1_241' title='bbox 1736 3554 1979 3614; x_wconf 86' lang='lat' dir='ltr'>fecestes</span> <span class='ocrx_word' id='word_1_242' title='bbox 2021 3552 2153 3613; x_wconf 88' lang='lat' dir='ltr'>Ver.</span> <span class='ocrx_word' id='word_1_243' title='bbox 2189 3551 2343 3631; x_wconf 86' lang='lat' dir='ltr'>Sulp.</span> <span class='ocrx_word' id='word_1_244' title='bbox 2379 3549 2507 3610; x_wconf 90' lang='lat' dir='ltr'>Sev.</span> <span class='ocrx_word' id='word_1_245' title='bbox 2556 3553 2691 3624; x_wconf 88' lang='grc'>113,</span> <span class='ocrx_word' id='word_1_246' title='bbox 2734 3553 2844 3634; x_wconf 83' lang='grc'><strong>21;</strong></span> 
     </span>
     <span class='ocr_line' id='line_1_34' title="bbox 637 3650 2838 3730; baseline 0.001 -20"><span class='ocrx_word' id='word_1_247' title='bbox 637 3650 902 3711; x_wconf 85' lang='lat' dir='ltr'>saltastes</span> <span class='ocrx_word' id='word_1_248' title='bbox 940 3650 1056 3712; x_wconf 89' lang='lat' dir='ltr'>Pal.</span> <span class='ocrx_word' id='word_1_249' title='bbox 1075 3650 1174 3712; x_wconf 89' lang='lat' dir='ltr'>Ev.</span> <span class='ocrx_word' id='word_1_250' title='bbox 1218 3653 1333 3714; x_wconf 84' lang='lat'>291</span> <span class='ocrx_word' id='word_1_251' title='bbox 1381 3673 1412 3713; x_wconf 89' lang='lat' dir='ltr'>a</span> <span class='ocrx_word' id='word_1_252' title='bbox 1459 3657 1565 3730; x_wconf 80' lang='lat'>203</span> <span class='ocrx_word' id='word_1_253' title='bbox 1612 3659 1853 3714; x_wconf 89' lang='lat' dir='ltr'>vetastes</span> <span class='ocrx_word' id='word_1_254' title='bbox 1896 3651 2031 3713; x_wconf 88' lang='lat' dir='ltr'>ibid.</span> <span class='ocrx_word' id='word_1_255' title='bbox 2073 3653 2192 3717; x_wconf 87' lang='grc'>328</span> <span class='ocrx_word' id='word_1_256' title='bbox 2236 3669 2268 3712; x_wconf 95' lang='lat' dir='ltr'>a</span> <span class='ocrx_word' id='word_1_257' title='bbox 2316 3653 2420 3722; x_wconf 90' lang='grc'><strong>16;</strong></span> <span class='ocrx_word' id='word_1_258' title='bbox 2482 3662 2539 3712; x_wconf 91' lang='lat' dir='ltr'>et</span> <span class='ocrx_word' id='word_1_259' title='bbox 2580 3669 2690 3730; x_wconf 86' lang='lat' dir='ltr'>pg.,</span> <span class='ocrx_word' id='word_1_260' title='bbox 2733 3657 2838 3713; x_wconf 87' lang='lat' dir='ltr'>vet.</span> 
     </span>
     <span class='ocr_line' id='line_1_35' title="bbox 630 3749 2842 3829; baseline 0 -21"><span class='ocrx_word' id='word_1_261' title='bbox 630 3767 732 3828; x_wconf 66' lang='lat' dir='ltr'>sp„</span> <span class='ocrx_word' id='word_1_262' title='bbox 773 3757 882 3811; x_wconf 89' lang='lat' dir='ltr'>vet.</span> <span class='ocrx_word' id='word_1_263' title='bbox 927 3751 1028 3812; x_wconf 87' lang='lat' dir='ltr'>src.</span> <span class='ocrx_word' id='word_1_264' title='bbox 1085 3786 1166 3794; x_wconf 89' lang='lat'>-—</span> <span class='ocrx_word' id='word_1_265' title='bbox 1221 3761 1371 3828; x_wconf 79' lang='lat' dir='ltr'>stes3</span> <span class='ocrx_word' id='word_1_266' title='bbox 1423 3753 1528 3816; x_wconf 81' lang='lat' dir='ltr'>fre.</span> <span class='ocrx_word' id='word_1_267' title='bbox 1549 3755 1632 3798; x_wconf 57' lang='grc' dir='ltr'>-Α-</span> <span class='ocrx_word' id='word_1_268' title='bbox 1651 3761 1769 3826; x_wconf 81' lang='lat' dir='ltr'>tes3</span> <span class='ocrx_word' id='word_1_269' title='bbox 1824 3753 1885 3812; x_wconf 87' lang='lat' dir='ltr'>it.</span> <span class='ocrx_word' id='word_1_270' title='bbox 1908 3785 1992 3794; x_wconf 88' lang='lat'>—</span> <span class='ocrx_word' id='word_1_271' title='bbox 2015 3759 2119 3813; x_wconf 89' lang='lat' dir='ltr'>ste.</span> <span class='ocrx_word' id='word_1_272' title='bbox 2208 3749 2499 3811; x_wconf 86' lang='lat' dir='ltr'>Sanscrita</span> <span class='ocrx_word' id='word_1_273' title='bbox 2555 3749 2744 3829; x_wconf 85' lang='lat' dir='ltr'>lingua</span> <span class='ocrx_word' id='word_1_274' title='bbox 2780 3749 2842 3809; x_wconf 89' lang='lat' dir='ltr'>in</span> 
     </span>
     <span class='ocr_line' id='line_1_36' title="bbox 629 3849 2843 3929; baseline 0 -22"><span class='ocrx_word' id='word_1_275' title='bbox 629 3867 741 3910; x_wconf 88' lang='lat' dir='ltr'>sec.</span> <span class='ocrx_word' id='word_1_276' title='bbox 784 3854 935 3926; x_wconf 78' lang='lat' dir='ltr'>plur.</span> <span class='ocrx_word' id='word_1_277' title='bbox 967 3849 1196 3929; x_wconf 90' lang='lat' dir='ltr'>quidem</span> <span class='ocrx_word' id='word_1_278' title='bbox 1243 3853 1424 3913; x_wconf 90' lang='lat' dir='ltr'>solam</span> <span class='ocrx_word' id='word_1_279' title='bbox 1465 3853 1719 3914; x_wconf 89' lang='lat' dir='ltr'>vocalem</span> <span class='ocrx_word' id='word_1_280' title='bbox 1760 3856 1791 3914; x_wconf 71' lang='lat' dir='ltr'>a</span> <span class='ocrx_word' id='word_1_281' title='bbox 1836 3850 2253 3912; x_wconf 87' lang='lat' dir='ltr'>coniunctivam</span> <span class='ocrx_word' id='word_1_282' title='bbox 2296 3849 2563 3924; x_wconf 87' lang='lat' dir='ltr'>retinuit,</span> <span class='ocrx_word' id='word_1_283' title='bbox 2605 3855 2843 3910; x_wconf 90' lang='lat' dir='ltr'>accentu</span> 
     </span>
     <span class='ocr_line' id='line_1_37' title="bbox 627 3948 2841 4021; baseline 0 -14"><span class='ocrx_word' id='word_1_284' title='bbox 627 3953 952 4021; x_wconf 85' lang='lat' dir='ltr'>oneratam,</span> <span class='ocrx_word' id='word_1_285' title='bbox 1012 3949 1111 4010; x_wconf 90' lang='lat' dir='ltr'>sed</span> <span class='ocrx_word' id='word_1_286' title='bbox 1167 3950 1225 4010; x_wconf 88' lang='lat' dir='ltr'>in</span> <span class='ocrx_word' id='word_1_287' title='bbox 1283 3971 1394 4014; x_wconf 90' lang='lat' dir='ltr'>sec.</span> <span class='ocrx_word' id='word_1_288' title='bbox 1442 3959 1633 4014; x_wconf 79' lang='lat' dir='ltr'>dualis</span> <span class='ocrx_word' id='word_1_289' title='bbox 1692 3969 2055 4012; x_wconf 91' lang='lat' dir='ltr'>communem</span> <span class='ocrx_word' id='word_1_290' title='bbox 2114 3949 2251 4011; x_wconf 91' lang='lat' dir='ltr'>olim</span> <span class='ocrx_word' id='word_1_291' title='bbox 2294 3948 2594 4011; x_wconf 88' lang='lat' dir='ltr'>amborum</span> <span class='ocrx_word' id='word_1_292' title='bbox 2640 3967 2841 4009; x_wconf 89' lang='lat' dir='ltr'>nume-</span> 
     </span>
     <span class='ocr_line' id='line_1_38' title="bbox 626 4039 2843 4126; baseline 0 -20"><span class='ocrx_word' id='word_1_293' title='bbox 626 4053 824 4107; x_wconf 89' lang='lat' dir='ltr'>rorum</span> <span class='ocrx_word' id='word_1_294' title='bbox 895 4048 1138 4109; x_wconf 84' lang='lat' dir='ltr'>formam</span> <span class='ocrx_word' id='word_1_295' title='bbox 1203 4051 1404 4112; x_wconf 89' lang='lat' dir='ltr'>leviter</span> <span class='ocrx_word' id='word_1_296' title='bbox 1469 4060 1686 4113; x_wconf 81' lang='lat' dir='ltr'>tantum</span> <span class='ocrx_word' id='word_1_297' title='bbox 1747 4049 2095 4126; x_wconf 86' lang='lat' dir='ltr'>obscuravit,</span> <span class='ocrx_word' id='word_1_298' title='bbox 2169 4049 2289 4112; x_wconf 91' lang='lat' dir='ltr'>scil.</span> <span class='ocrx_word' id='word_1_299' title='bbox 2335 4039 2464 4112; x_wconf 70' lang='lat' dir='ltr'>at‘us</span> <span class='ocrx_word' id='word_1_300' title='bbox 2514 4049 2620 4123; x_wconf 89' lang='lat'>(=</span> <span class='ocrx_word' id='word_1_301' title='bbox 2646 4048 2843 4122; x_wconf 88' lang='lat' dir='ltr'>astus),</span> 
     </span>
    </p>
   </div>
  </div>
 </body>
</html>
