<?xml version="1.0" encoding="UTF-8"?>
<!DOCTYPE html PUBLIC "-//W3C//DTD XHTML 1.0 Transitional//EN"
    "http://www.w3.org/TR/xhtml1/DTD/xhtml1-transitional.dtd">
<html xmlns="http://www.w3.org/1999/xhtml" xml:lang="en" lang="en">
 <head>
  <title>
</title>
<meta http-equiv="Content-Type" content="text/html;charset=utf-8" />
  <meta name='ocr-system' content='tesseract 3.04.00' />
  <meta name='ocr-capabilities' content='ocr_page ocr_carea ocr_par ocr_line ocrx_word'/>
</head>
<body>
  <div class='ocr_page' id='page_1' title='image "./dereduplicatola00deecgoog_0030.png"; bbox 0 0 3109 4825; ppageno 0'>
   <div class='ocr_carea' id='block_1_1' title="bbox 1715 422 1794 485">
    <p class='ocr_par' dir='ltr' id='par_1_1' title="bbox 1715 422 1794 485">
     <span class='ocr_line' id='line_1_1' title="bbox 1715 422 1794 485; baseline 0.025 -2"><span class='ocrx_word' id='word_1_1' title='bbox 1715 422 1794 485; x_wconf 82' lang='lat'>28</span> 
     </span>
    </p>
   </div>
   <div class='ocr_carea' id='block_1_2' title="bbox 637 583 2876 3247">
    <p class='ocr_par' dir='ltr' id='par_1_2' title="bbox 639 583 2876 2342">
     <span class='ocr_line' id='line_1_2' title="bbox 957 583 2132 666; baseline 0.005 -22.25"><span class='ocrx_word' id='word_1_2' title='bbox 957 584 1139 645; x_wconf 72' lang='lat' dir='ltr'>tolit</span> <span class='ocrx_word' id='word_1_3' title='bbox 1181 583 1262 644; x_wconf 91' lang='lat' dir='ltr'>Le</span> <span class='ocrx_word' id='word_1_4' title='bbox 1305 584 1473 659; x_wconf 84' lang='lat' dir='ltr'>Blant</span> <span class='ocrx_word' id='word_1_5' title='bbox 1512 584 1569 648; x_wconf 84' lang='lat' dir='ltr'>J.</span> <span class='ocrx_word' id='word_1_6' title='bbox 1615 584 1750 648; x_wconf 86' lang='lat' dir='ltr'>Chr</span> <span class='ocrx_word' id='word_1_7' title='bbox 1798 588 1943 666; x_wconf 84' lang='grc'><strong>483;</strong></span> <span class='ocrx_word' id='word_1_8' title='bbox 1992 587 2132 650; x_wconf 81' lang='grc'>662</span> 
     </span>
     <span class='ocr_line' id='line_1_3' title="bbox 1097 681 2479 764; baseline 0.006 -22"><span class='ocrx_word' id='word_1_9' title='bbox 1097 681 1367 744; x_wconf 73' lang='lat' dir='ltr'>detolerit</span> <span class='ocrx_word' id='word_1_10' title='bbox 1412 683 1478 745; x_wconf 95' lang='lat' dir='ltr'><strong>L.</strong></span> <span class='ocrx_word' id='word_1_11' title='bbox 1523 684 1681 746; x_wconf 87' lang='lat' dir='ltr'>Serv.</span> <span class='ocrx_word' id='word_1_12' title='bbox 1725 704 1848 764; x_wconf 85' lang='lat' dir='ltr'>rep.</span> <span class='ocrx_word' id='word_1_13' title='bbox 1892 686 1981 760; x_wconf 88' lang='lat' dir='ltr'>(C</span> <span class='ocrx_word' id='word_1_14' title='bbox 2027 685 2070 747; x_wconf 88' lang='grc' dir='ltr'><strong>Ι.</strong></span> <span class='ocrx_word' id='word_1_15' title='bbox 2115 685 2179 748; x_wconf 88' lang='lat' dir='ltr'>L.</span> <span class='ocrx_word' id='word_1_16' title='bbox 2227 686 2271 759; x_wconf 90' lang='grc' dir='ltr'>Ι,</span> <span class='ocrx_word' id='word_1_17' title='bbox 2318 688 2479 760; x_wconf 88' lang='grc'>198)</span> 
     </span>
     <span class='ocr_line' id='line_1_4' title="bbox 1014 779 2597 863; baseline 0.001 -21"><span class='ocrx_word' id='word_1_18' title='bbox 1014 797 1019 801; x_wconf 89' lang='grc'><strong><em>·</em></strong></span> <span class='ocrx_word' id='word_1_19' title='bbox 1097 779 1305 859; x_wconf 75' lang='lat' dir='ltr'>optolit</span> <span class='ocrx_word' id='word_1_20' title='bbox 1344 790 1454 843; x_wconf 83' lang='lat' dir='ltr'>eto</span> <span class='ocrx_word' id='word_1_21' title='bbox 1501 782 1639 843; x_wconf 84' lang='lat' dir='ltr'>Mar.</span> <span class='ocrx_word' id='word_1_22' title='bbox 1684 802 1812 863; x_wconf 87' lang='lat' dir='ltr'>pap.</span> <span class='ocrx_word' id='word_1_23' title='bbox 1858 783 1994 863; x_wconf 82' lang='lat' dir='ltr'>dipl</span> <span class='ocrx_word' id='word_1_24' title='bbox 2042 791 2100 845; x_wconf 86' lang='lat' dir='ltr'>et</span> <span class='ocrx_word' id='word_1_25' title='bbox 2140 784 2307 847; x_wconf 86' lang='lat' dir='ltr'>Pard.</span> <span class='ocrx_word' id='word_1_26' title='bbox 2350 783 2597 862; x_wconf 70' lang='lat' dir='ltr'>saepius</span> 
     </span>
     <span class='ocr_line' id='line_1_5' title="bbox 1097 879 1639 943; baseline 0.004 -4"><span class='ocrx_word' id='word_1_27' title='bbox 1097 879 1327 941; x_wconf 75' lang='lat' dir='ltr'>tolerint</span> <span class='ocrx_word' id='word_1_28' title='bbox 1371 881 1440 943; x_wconf 82' lang='lat' dir='ltr'>fr.</span> <span class='ocrx_word' id='word_1_29' title='bbox 1487 881 1639 942; x_wconf 77' lang='lat' dir='ltr'>Maff.</span> 
     </span>
     <span class='ocr_line' id='line_1_6' title="bbox 1095 977 2466 1060; baseline 0.004 -22"><span class='ocrx_word' id='word_1_30' title='bbox 1095 977 1320 1047; x_wconf 72' lang='lat' dir='ltr'>tollisse</span> <span class='ocrx_word' id='word_1_31' title='bbox 1365 984 1473 1051; x_wconf 85' lang='lat'>(=</span> <span class='ocrx_word' id='word_1_32' title='bbox 1487 979 1712 1052; x_wconf 89' lang='lat' dir='ltr'>tulisse)</span> <span class='ocrx_word' id='word_1_33' title='bbox 1757 979 1912 1042; x_wconf 84' lang='lat' dir='ltr'>Flor.</span> <span class='ocrx_word' id='word_1_34' title='bbox 1959 979 2085 1060; x_wconf 83' lang='lat' dir='ltr'>Dig.</span> <span class='ocrx_word' id='word_1_35' title='bbox 2129 984 2226 1055; x_wconf 84' lang='lat'>46,</span> <span class='ocrx_word' id='word_1_36' title='bbox 2267 985 2325 1055; x_wconf 91' lang='grc'>4,</span> <span class='ocrx_word' id='word_1_37' title='bbox 2376 985 2466 1046; x_wconf 86' lang='grc'>13.</span> 
     </span>
     <span class='ocr_line' id='line_1_7' title="bbox 1182 1075 1701 1152; baseline 0.002 -14"><span class='ocrx_word' id='word_1_38' title='bbox 1182 1078 1252 1138; x_wconf 79' lang='lat' dir='ltr'>cf.</span> <span class='ocrx_word' id='word_1_39' title='bbox 1296 1078 1456 1152; x_wconf 86' lang='lat' dir='ltr'>tollo,</span> <span class='ocrx_word' id='word_1_40' title='bbox 1498 1075 1551 1137; x_wconf 88' lang='lat' dir='ltr'>is</span> <span class='ocrx_word' id='word_1_41' title='bbox 1591 1086 1701 1139; x_wconf 88' lang='lat' dir='ltr'>etc.</span> 
     </span>
     <span class='ocr_line' id='line_1_8' title="bbox 719 1176 1214 1240; baseline -0.006 -1"><span class='ocrx_word' id='word_1_42' title='bbox 719 1196 886 1240; x_wconf 83' lang='lat' dir='ltr'>ae=.-·</span> <span class='ocrx_word' id='word_1_43' title='bbox 902 1187 958 1239; x_wconf 86' lang='lat'>1:</span> <span class='ocrx_word' id='word_1_44' title='bbox 1013 1176 1214 1238; x_wconf 80' lang='lat' dir='ltr'>cecIdi.</span> 
     </span>
     <span class='ocr_line' id='line_1_9' title="bbox 803 1275 2876 1357; baseline 0 -20"><span class='ocrx_word' id='word_1_45' title='bbox 803 1277 1152 1337; x_wconf 86' lang='lat' dir='ltr'>Permanent</span> <span class='ocrx_word' id='word_1_46' title='bbox 1203 1275 1430 1337; x_wconf 86' lang='lat' dir='ltr'>vocales</span> <span class='ocrx_word' id='word_1_47' title='bbox 1481 1275 1761 1337; x_wconf 89' lang='lat' dir='ltr'>radicales</span> <span class='ocrx_word' id='word_1_48' title='bbox 1808 1282 1863 1349; x_wconf 81' lang='grc' dir='ltr'>ῑ,</span> <span class='ocrx_word' id='word_1_49' title='bbox 1906 1282 1969 1349; x_wconf 77' lang='grc' dir='ltr'>ὃ,</span> <span class='ocrx_word' id='word_1_50' title='bbox 2012 1279 2078 1348; x_wconf 78' lang='grc' dir='ltr'>ὕ,</span> <span class='ocrx_word' id='word_1_51' title='bbox 2134 1275 2245 1341; x_wconf 85' lang='lat' dir='ltr'>nisi</span> <span class='ocrx_word' id='word_1_52' title='bbox 2303 1277 2455 1357; x_wconf 83' lang='lat' dir='ltr'>quod</span> <span class='ocrx_word' id='word_1_53' title='bbox 2500 1280 2537 1339; x_wconf 78' lang='grc' dir='ltr'>ὅ</span> <span class='ocrx_word' id='word_1_54' title='bbox 2582 1275 2876 1338; x_wconf 84' lang='lat' dir='ltr'>interdum</span> 
     </span>
     <span class='ocr_line' id='line_1_10' title="bbox 639 1372 2399 1456; baseline -0.001 -18"><span class='ocrx_word' id='word_1_55' title='bbox 639 1394 744 1456; x_wconf 83' lang='lat' dir='ltr'>per</span> <span class='ocrx_word' id='word_1_56' title='bbox 784 1376 983 1453; x_wconf 84' lang='lat' dir='ltr'>vulgus</span> <span class='ocrx_word' id='word_1_57' title='bbox 1025 1374 1086 1436; x_wconf 92' lang='lat' dir='ltr'>in</span> <span class='ocrx_word' id='word_1_58' title='bbox 1125 1377 1166 1437; x_wconf 83' lang='lat' dir='ltr'>ii</span> <span class='ocrx_word' id='word_1_59' title='bbox 1209 1372 1638 1447; x_wconf 79' lang='lat' dir='ltr'><strong>obscurabatur,</strong></span> <span class='ocrx_word' id='word_1_60' title='bbox 1678 1382 1738 1435; x_wconf 87' lang='lat' dir='ltr'>et</span> <span class='ocrx_word' id='word_1_61' title='bbox 1784 1378 1815 1436; x_wconf 74' lang='grc' dir='ltr'><strong>ἔ</strong></span> <span class='ocrx_word' id='word_1_62' title='bbox 1858 1384 1991 1435; x_wconf 88' lang='lat' dir='ltr'>ante</span> <span class='ocrx_word' id='word_1_63' title='bbox 2032 1394 2063 1435; x_wconf 93' lang='lat' dir='ltr'>r</span> <span class='ocrx_word' id='word_1_64' title='bbox 2106 1384 2165 1436; x_wconf 90' lang='lat' dir='ltr'>et</span> <span class='ocrx_word' id='word_1_65' title='bbox 2206 1376 2283 1435; x_wconf 89' lang='lat' dir='ltr'>nd</span> <span class='ocrx_word' id='word_1_66' title='bbox 2328 1376 2399 1438; x_wconf 79' lang='lat' dir='ltr'>cf.</span> 
     </span>
     <span class='ocr_line' id='line_1_11' title="bbox 653 1470 2396 1551; baseline -0.004 -15"><span class='ocrx_word' id='word_1_67' title='bbox 653 1544 661 1551; x_wconf 51' lang='grc'><strong>,</strong></span> <span class='ocrx_word' id='word_1_68' title='bbox 721 1474 772 1535; x_wconf 87' lang='lat' dir='ltr'>i:</span> <span class='ocrx_word' id='word_1_69' title='bbox 849 1473 1061 1549; x_wconf 57' lang='lat' dir='ltr'>(fistuli,</span> <span class='ocrx_word' id='word_1_70' title='bbox 1105 1470 1324 1534; x_wconf 88' lang='lat' dir='ltr'>scicidi.</span> <span class='ocrx_word' id='word_1_71' title='bbox 2390 1491 2396 1497; x_wconf 90' lang='lat'><strong>·</strong></span> 
     </span>
     <span class='ocr_line' id='line_1_12' title="bbox 722 1568 2103 1651; baseline -0.002 -16"><span class='ocrx_word' id='word_1_72' title='bbox 722 1593 786 1635; x_wconf 86' lang='lat' dir='ltr'>o:</span> <span class='ocrx_word' id='word_1_73' title='bbox 850 1572 1160 1644; x_wconf 85' lang='lat' dir='ltr'>momordi,</span> <span class='ocrx_word' id='word_1_74' title='bbox 1205 1568 1464 1650; x_wconf 80' lang='lat' dir='ltr'>poposci,</span> <span class='ocrx_word' id='word_1_75' title='bbox 1507 1571 1815 1651; x_wconf 85' lang='lat' dir='ltr'>spopondi,</span> <span class='ocrx_word' id='word_1_76' title='bbox 1858 1571 2103 1633; x_wconf 85' lang='lat' dir='ltr'>totondi.</span> 
     </span>
     <span class='ocr_line' id='line_1_13' title="bbox 933 1673 1258 1733; baseline -0.003 -1"><span class='ocrx_word' id='word_1_77' title='bbox 933 1673 1002 1733; x_wconf 75' lang='lat' dir='ltr'>cf.</span> <span class='ocrx_word' id='word_1_78' title='bbox 1048 1679 1258 1732; x_wconf 86' lang='lat' dir='ltr'>tamen.</span> 
     </span>
     <span class='ocr_line' id='line_1_14' title="bbox 1015 1766 2540 1851; baseline -0.001 -20"><span class='ocrx_word' id='word_1_79' title='bbox 1015 1766 1256 1846; x_wconf 61' lang='lat' dir='ltr'>Monuit</span> <span class='ocrx_word' id='word_1_80' title='bbox 1299 1767 1484 1851; x_wconf 89' lang='lat' dir='ltr'>Kopp.</span> <span class='ocrx_word' id='word_1_81' title='bbox 1525 1768 1593 1828; x_wconf 93' lang='lat' dir='ltr'>L.</span> <span class='ocrx_word' id='word_1_82' title='bbox 1639 1767 1759 1831; x_wconf 90' lang='lat' dir='ltr'>Tir.</span> <span class='ocrx_word' id='word_1_83' title='bbox 1804 1769 1943 1831; x_wconf 83' lang='lat'><strong>225.</strong></span> <span class='ocrx_word' id='word_1_84' title='bbox 2535 1846 2540 1849; x_wconf 32' lang='grc'><strong>,</strong></span> 
     </span>
     <span class='ocr_line' id='line_1_15' title="bbox 1013 1865 2419 1946; baseline -0.001 -18"><span class='ocrx_word' id='word_1_85' title='bbox 1013 1866 1210 1929; x_wconf 86' lang='lat' dir='ltr'>TVDit</span> <span class='ocrx_word' id='word_1_86' title='bbox 1247 1868 1354 1939; x_wconf 82' lang='lat'>(=</span> <span class='ocrx_word' id='word_1_87' title='bbox 1368 1865 1649 1941; x_wconf 86' lang='lat' dir='ltr'>totondit)</span> <span class='ocrx_word' id='word_1_88' title='bbox 1692 1866 1879 1946; x_wconf 89' lang='lat' dir='ltr'>Kopp.</span> <span class='ocrx_word' id='word_1_89' title='bbox 1924 1866 1970 1927; x_wconf 88' lang='lat' dir='ltr'><strong>L</strong></span> <span class='ocrx_word' id='word_1_90' title='bbox 2029 1866 2152 1928; x_wconf 87' lang='lat' dir='ltr'>Tir.</span> <span class='ocrx_word' id='word_1_91' title='bbox 2199 1870 2319 1932; x_wconf 88' lang='grc'>386</span> <span class='ocrx_word' id='word_1_92' title='bbox 2364 1865 2419 1927; x_wconf 95' lang='grc' dir='ltr'><strong>Ι).</strong></span> 
     </span>
     <span class='ocr_line' id='line_1_16' title="bbox 975 1964 2440 2040; baseline 0.001 -14"><span class='ocrx_word' id='word_1_93' title='bbox 975 1973 986 1980; x_wconf 88' lang='grc'><em>“</em></span> <span class='ocrx_word' id='word_1_94' title='bbox 1096 1964 1342 2037; x_wconf 87' lang='lat' dir='ltr'>totundi,</span> <span class='ocrx_word' id='word_1_95' title='bbox 1388 1965 1613 2026; x_wconf 87' lang='lat' dir='ltr'>tutundi</span> <span class='ocrx_word' id='word_1_96' title='bbox 1658 1968 1763 2039; x_wconf 84' lang='lat'>(=</span> <span class='ocrx_word' id='word_1_97' title='bbox 1783 1965 2038 2040; x_wconf 86' lang='lat' dir='ltr'>totondi)</span> <span class='ocrx_word' id='word_1_98' title='bbox 2082 1965 2146 2028; x_wconf 93' lang='lat' dir='ltr'><strong>L.</strong></span> <span class='ocrx_word' id='word_1_99' title='bbox 2191 1964 2301 2026; x_wconf 89' lang='lat' dir='ltr'>Sal.</span> <span class='ocrx_word' id='word_1_100' title='bbox 2344 1973 2440 2027; x_wconf 83' lang='lat' dir='ltr'>etc</span> 
     </span>
     <span class='ocr_line' id='line_1_17' title="bbox 1177 2063 1893 2138; baseline 0.001 -14"><span class='ocrx_word' id='word_1_101' title='bbox 1177 2083 1227 2125; x_wconf 87' lang='lat' dir='ltr'>v.</span> <span class='ocrx_word' id='word_1_102' title='bbox 1273 2063 1519 2125; x_wconf 85' lang='lat' dir='ltr'>Schuch.</span> <span class='ocrx_word' id='word_1_103' title='bbox 1562 2063 1657 2138; x_wconf 85' lang='lat'>111,</span> <span class='ocrx_word' id='word_1_104' title='bbox 1700 2066 1836 2127; x_wconf 86' lang='lat'><strong>204.</strong></span> <span class='ocrx_word' id='word_1_105' title='bbox 1889 2088 1893 2092; x_wconf 89' lang='lat'>·</span> 
     </span>
     <span class='ocr_line' id='line_1_18' title="bbox 720 2162 1614 2243; baseline -0.004 -16"><span class='ocrx_word' id='word_1_106' title='bbox 720 2185 787 2227; x_wconf 89' lang='lat' dir='ltr'>u:</span> <span class='ocrx_word' id='word_1_107' title='bbox 845 2163 1088 2238; x_wconf 85' lang='lat' dir='ltr'>cucurri,</span> <span class='ocrx_word' id='word_1_108' title='bbox 1130 2162 1364 2243; x_wconf 76' lang='lat' dir='ltr'>pupiigi,</span> <span class='ocrx_word' id='word_1_109' title='bbox 1408 2162 1614 2225; x_wconf 73' lang='lat' dir='ltr'>tutudi.</span> 
     </span>
     <span class='ocr_line' id='line_1_19' title="bbox 721 2259 2047 2342; baseline -0.001 -17"><span class='ocrx_word' id='word_1_110' title='bbox 721 2282 788 2325; x_wconf 89' lang='lat' dir='ltr'>e:</span> <span class='ocrx_word' id='word_1_111' title='bbox 847 2262 1091 2342; x_wconf 69' lang='lat' dir='ltr'>(pe)peri</span> <span class='ocrx_word' id='word_1_112' title='bbox 1138 2266 1195 2336; x_wconf 90' lang='lat' dir='ltr'>(a</span> <span class='ocrx_word' id='word_1_113' title='bbox 1233 2260 1457 2341; x_wconf 84' lang='lat' dir='ltr'>perio)·;</span> <span class='ocrx_word' id='word_1_114' title='bbox 1500 2259 1767 2341; x_wconf 83' lang='lat' dir='ltr'>pependi,</span> <span class='ocrx_word' id='word_1_115' title='bbox 1810 2261 2047 2324; x_wconf 84' lang='lat' dir='ltr'>tetendi.</span> 
     </span>
    </p>

    <p class='ocr_par' dir='ltr' id='par_1_3' title="bbox 638 2344 2871 2624">
     <span class='ocr_line' id='line_1_20' title="bbox 806 2344 2871 2437; baseline -0 -13"><span class='ocrx_word' id='word_1_116' title='bbox 806 2344 886 2424; x_wconf 82' lang='lat' dir='ltr'>De</span> <span class='ocrx_word' id='word_1_117' title='bbox 931 2360 1174 2423; x_wconf 86' lang='lat' dir='ltr'>elisione</span> <span class='ocrx_word' id='word_1_118' title='bbox 1230 2360 1440 2422; x_wconf 85' lang='lat' dir='ltr'>vocalis</span> <span class='ocrx_word' id='word_1_119' title='bbox 1483 2364 1516 2423; x_wconf 67' lang='lat' dir='ltr'>a</span> <span class='ocrx_word' id='word_1_120' title='bbox 1570 2360 1829 2422; x_wconf 90' lang='lat' dir='ltr'>radicum</span> <span class='ocrx_word' id='word_1_121' title='bbox 1883 2360 1982 2437; x_wconf 72' lang='lat' dir='ltr'>ba,</span> <span class='ocrx_word' id='word_1_122' title='bbox 2036 2361 2108 2424; x_wconf 71' lang='lat' dir='ltr'>da</span> <span class='ocrx_word' id='word_1_123' title='bbox 2151 2368 2209 2422; x_wconf 86' lang='lat' dir='ltr'>et</span> <span class='ocrx_word' id='word_1_124' title='bbox 2261 2365 2350 2424; x_wconf 73' lang='lat' dir='ltr'>sta</span> <span class='ocrx_word' id='word_1_125' title='bbox 2403 2368 2535 2422; x_wconf 90' lang='lat' dir='ltr'>ante</span> <span class='ocrx_word' id='word_1_126' title='bbox 2591 2359 2871 2436; x_wconf 54' lang='lat' dir='ltr'>coniuncss</span> 
     </span>
     <span class='ocr_line' id='line_1_21' title="bbox 641 2458 2868 2540; baseline -0.003 -14"><span class='ocrx_word' id='word_1_127' title='bbox 641 2466 810 2526; x_wconf 85' lang='lat' dir='ltr'>tivam</span> <span class='ocrx_word' id='word_1_128' title='bbox 856 2459 1322 2523; x_wconf 86' lang='lat' dir='ltr'>terminationum</span> <span class='ocrx_word' id='word_1_129' title='bbox 1368 2460 1625 2521; x_wconf 80' lang='lat' dir='ltr'>vocalem</span> <span class='ocrx_word' id='word_1_130' title='bbox 1670 2478 1841 2540; x_wconf 88' lang='lat' dir='ltr'>supra</span> <span class='ocrx_word' id='word_1_131' title='bbox 1884 2460 2099 2522; x_wconf 87' lang='lat' dir='ltr'>dictum</span> <span class='ocrx_word' id='word_1_132' title='bbox 2144 2467 2259 2534; x_wconf 89' lang='lat' dir='ltr'>est,</span> <span class='ocrx_word' id='word_1_133' title='bbox 2321 2458 2393 2520; x_wconf 91' lang='lat' dir='ltr'>de</span> <span class='ocrx_word' id='word_1_134' title='bbox 2433 2461 2687 2538; x_wconf 82' lang='lat' dir='ltr'>perfecto</span> <span class='ocrx_word' id='word_1_135' title='bbox 2734 2460 2868 2540; x_wconf 72' lang='lat' dir='ltr'>pegi</span> 
     </span>
     <span class='ocr_line' id='line_1_22' title="bbox 638 2561 1106 2624; baseline -0.009 0"><span class='ocrx_word' id='word_1_136' title='bbox 638 2564 784 2624; x_wconf 78' lang='lat' dir='ltr'>infra</span> <span class='ocrx_word' id='word_1_137' title='bbox 830 2561 1106 2622; x_wconf 84' lang='lat' dir='ltr'>dicemus.</span> 
     </span>
    </p>

    <p class='ocr_par' dir='ltr' id='par_1_4' title="bbox 637 2617 2873 2935">
     <span class='ocr_line' id='line_1_23' title="bbox 809 2617 2873 2739; baseline -0.001 -19"><span class='ocrx_word' id='word_1_138' title='bbox 809 2661 1046 2720; x_wconf 79' lang='lat' dir='ltr'>Praeter</span> <span class='ocrx_word' id='word_1_139' title='bbox 1086 2657 1500 2736; x_wconf 83' lang='lat' dir='ltr'>reduplicatum</span> <span class='ocrx_word' id='word_1_140' title='bbox 1558 2658 1777 2739; x_wconf 89' lang='lat' dir='ltr'>aliquot</span> <span class='ocrx_word' id='word_1_141' title='bbox 1816 2617 2040 2720; x_wconf 81' lang='lat' dir='ltr'>radices</span> <span class='ocrx_word' id='word_1_142' title='bbox 2094 2655 2267 2718; x_wconf 86' lang='lat' dir='ltr'>etiam</span> <span class='ocrx_word' id='word_1_143' title='bbox 2321 2663 2689 2734; x_wconf 75' lang='lat' dir='ltr'>compositum</span> <span class='ocrx_word' id='word_1_144' title='bbox 2740 2677 2873 2737; x_wconf 87' lang='lat' dir='ltr'>per-</span> 
     </span>
     <span class='ocr_line' id='line_1_24' title="bbox 637 2755 2871 2845; baseline -0.003 -23"><span class='ocrx_word' id='word_1_145' title='bbox 637 2763 851 2822; x_wconf 75' lang='lat' dir='ltr'>fectum</span> <span class='ocrx_word' id='word_1_146' title='bbox 895 2759 1302 2831; x_wconf 76' lang='lat' dir='ltr'>formaverunt,</span> <span class='ocrx_word' id='word_1_147' title='bbox 1345 2757 1498 2836; x_wconf 89' lang='lat' dir='ltr'>quod</span> <span class='ocrx_word' id='word_1_148' title='bbox 1544 2757 1853 2845; x_wconf 84' lang='lat' dir='ltr'>interdum,</span> <span class='ocrx_word' id='word_1_149' title='bbox 1896 2756 2140 2819; x_wconf 85' lang='lat' dir='ltr'>maxime</span> <span class='ocrx_word' id='word_1_150' title='bbox 2183 2755 2243 2816; x_wconf 89' lang='lat' dir='ltr'>in</span> <span class='ocrx_word' id='word_1_151' title='bbox 2286 2755 2655 2834; x_wconf 88' lang='lat' dir='ltr'>compositis,</span> <span class='ocrx_word' id='word_1_152' title='bbox 2702 2776 2871 2836; x_wconf 81' lang='lat' dir='ltr'>prae-</span> 
     </span>
     <span class='ocr_line' id='line_1_25' title="bbox 637 2855 1328 2935; baseline -0.007 -15"><span class='ocrx_word' id='word_1_153' title='bbox 637 2857 825 2920; x_wconf 85' lang='lat' dir='ltr'>valuit.</span> <span class='ocrx_word' id='word_1_154' title='bbox 910 2855 1327 2935; x_wconf 86' lang='lat' dir='ltr'>Reperiuntur·</span> <span class='ocrx_word' id='word_1_155' title='bbox 1314 2901 1328 2914; x_wconf 94' lang='lat'><strong>.</strong></span> 
     </span>
    </p>

    <p class='ocr_par' dir='ltr' id='par_1_5' title="bbox 721 2953 2876 3247">
     <span class='ocr_line' id='line_1_26' title="bbox 721 2953 943 3015; baseline -0.005 0"><span class='ocrx_word' id='word_1_156' title='bbox 721 2955 781 3015; x_wconf 89' lang='lat' dir='ltr'>in</span> <span class='ocrx_word' id='word_1_157' title='bbox 823 2953 943 3015; x_wconf 79' lang='lat' dir='ltr'>-si:</span> 
     </span>
     <span class='ocr_line' id='line_1_27' title="bbox 808 3035 2876 3145; baseline -0.001 -22"><span class='ocrx_word' id='word_1_158' title='bbox 808 3061 984 3137; x_wconf 86' lang='lat' dir='ltr'>(caesi</span> <span class='ocrx_word' id='word_1_159' title='bbox 1025 3085 1109 3114; x_wconf 90' lang='lat'><strong><em>=</em></strong></span> <span class='ocrx_word' id='word_1_160' title='bbox 1149 3060 1396 3136; x_wconf 87' lang='lat' dir='ltr'>caed-si)</span> <span class='ocrx_word' id='word_1_161' title='bbox 1469 3063 1540 3124; x_wconf 80' lang='lat' dir='ltr'>cf.</span> <span class='ocrx_word' id='word_1_162' title='bbox 1588 3062 1793 3145; x_wconf 69' lang='lat' dir='ltr'>occisti</span> <span class='ocrx_word' id='word_1_163' title='bbox 1849 3058 1913 3121; x_wconf 89' lang='lat' dir='ltr'>T.</span> <span class='ocrx_word' id='word_1_164' title='bbox 1959 3060 2023 3120; x_wconf 91' lang='lat' dir='ltr'><strong>L.</strong></span> <span class='ocrx_word' id='word_1_165' title='bbox 2072 3060 2203 3120; x_wconf 87' lang='lat' dir='ltr'>Pac.</span> <span class='ocrx_word' id='word_1_166' title='bbox 2251 3059 2361 3122; x_wconf 88' lang='lat'>321</span> <span class='ocrx_word' id='word_1_167' title='bbox 2423 3061 2530 3135; x_wconf 86' lang='lat'>(=</span> <span class='ocrx_word' id='word_1_168' title='bbox 2566 3035 2876 3135; x_wconf 66' lang='lat' dir='ltr'>oc-cisisti‚</span> 
     </span>
     <span class='ocr_line' id='line_1_28' title="bbox 1139 3158 2033 3247; baseline 0.002 -27"><span class='ocrx_word' id='word_1_169' title='bbox 1139 3158 1252 3221; x_wconf 90' lang='lat' dir='ltr'>nisi</span> <span class='ocrx_word' id='word_1_170' title='bbox 1281 3185 1365 3247; x_wconf 48' lang='grc' dir='ltr'>ξ</span> <span class='ocrx_word' id='word_1_171' title='bbox 1406 3161 1674 3223; x_wconf 77' lang='lat' dir='ltr'>occidisti</span> <span class='ocrx_word' id='word_1_172' title='bbox 1720 3179 1771 3220; x_wconf 79' lang='lat' dir='ltr'>v.</span> <span class='ocrx_word' id='word_1_173' title='bbox 1812 3176 1905 3238; x_wconf 85' lang='lat' dir='ltr'>pg.</span> <span class='ocrx_word' id='word_1_174' title='bbox 1938 3162 2033 3234; x_wconf 80' lang='lat'>9).</span> 
     </span>
    </p>
   </div>
   <div class='ocr_carea' id='block_1_3' title="bbox 1553 500 1969 513">
    <p class='ocr_par' dir='ltr' id='par_1_6' title="bbox 1553 500 1969 513">
     <span class='ocr_line' id='line_1_29' title="bbox 1553 500 1969 513; baseline 0 4312"><span class='ocrx_word' id='word_1_175' title='bbox 1553 500 1969 513; x_wconf 95' lang='lat' dir='ltr'> </span> 
     </span>
    </p>
   </div>
   <div class='ocr_carea' id='block_1_4' title="bbox 2780 3239 2827 3257">
    <p class='ocr_par' dir='ltr' id='par_1_7' title="bbox 2780 3239 2827 3257">
     <span class='ocr_line' id='line_1_30' title="bbox 2780 3239 2827 3257; baseline 0 -5"><span class='ocrx_word' id='word_1_176' title='bbox 2780 3239 2827 3257; x_wconf 48' lang='grc' dir='ltr'>Α</span> 
     </span>
    </p>
   </div>
   <div class='ocr_carea' id='block_1_5' title="bbox 1057 3319 2877 3422">
    <p class='ocr_par' dir='ltr' id='par_1_8' title="bbox 1057 3319 2877 3422">
     <span class='ocr_line' id='line_1_31' title="bbox 1057 3319 2877 3422; baseline -0.001 -39"><span class='ocrx_word' id='word_1_177' title='bbox 1057 3323 1262 3386; x_wconf 78' lang='lat' dir='ltr'>occisit</span> <span class='ocrx_word' id='word_1_178' title='bbox 1309 3324 1373 3422; x_wconf 91' lang='lat' dir='ltr'><strong>L</strong></span> <span class='ocrx_word' id='word_1_179' title='bbox 1423 3324 1590 3385; x_wconf 87' lang='lat' dir='ltr'>Num.</span> <span class='ocrx_word' id='word_1_180' title='bbox 1633 3342 1722 3402; x_wconf 90' lang='lat' dir='ltr'>ap.</span> <span class='ocrx_word' id='word_1_181' title='bbox 1768 3319 2017 3384; x_wconf 87' lang='lat' dir='ltr'>Macrob.</span> <span class='ocrx_word' id='word_1_182' title='bbox 2064 3327 2168 3383; x_wconf 86' lang='lat' dir='ltr'>sat.</span> <span class='ocrx_word' id='word_1_183' title='bbox 2215 3322 2351 3401; x_wconf 66' lang='lat'>1„4‚</span> <span class='ocrx_word' id='word_1_184' title='bbox 2395 3325 2434 3386; x_wconf 84' lang='lat'>6</span> <span class='ocrx_word' id='word_1_185' title='bbox 2478 3325 2585 3395; x_wconf 91' lang='lat'><strong>(==.</strong></span> <span class='ocrx_word' id='word_1_186' title='bbox 2602 3321 2877 3383; x_wconf 86' lang='lat' dir='ltr'>occiserit</span> 
     </span>
    </p>
   </div>
   <div class='ocr_carea' id='block_1_6' title="bbox 802 3418 2810 3738">
    <p class='ocr_par' dir='ltr' id='par_1_9' title="bbox 802 3418 2786 3738">
     <span class='ocr_line' id='line_1_32' title="bbox 1140 3418 1702 3543; baseline 0.002 -21"><span class='ocrx_word' id='word_1_187' title='bbox 1140 3463 1226 3523; x_wconf 86' lang='lat' dir='ltr'>vel</span> <span class='ocrx_word' id='word_1_188' title='bbox 1265 3487 1350 3512; x_wconf 90' lang='lat'>·=</span> <span class='ocrx_word' id='word_1_189' title='bbox 1368 3418 1702 3543; x_wconf 60' lang='lat' dir='ltr'>occiderim:</span> 
     </span>
     <span class='ocr_line' id='line_1_33' title="bbox 805 3558 2635 3641; baseline -0.002 -18"><span class='ocrx_word' id='word_1_190' title='bbox 805 3561 1078 3636; x_wconf 89' lang='lat' dir='ltr'>(culsi=</span> <span class='ocrx_word' id='word_1_191' title='bbox 1099 3562 1215 3623; x_wconf 87' lang='lat' dir='ltr'>cel·</span> <span class='ocrx_word' id='word_1_192' title='bbox 1187 3561 1268 3622; x_wconf 91' lang='lat' dir='ltr'>-si</span> <span class='ocrx_word' id='word_1_193' title='bbox 1273 3561 1350 3636; x_wconf 79' lang='lat'>*))</span> <span class='ocrx_word' id='word_1_194' title='bbox 1390 3561 1462 3623; x_wconf 81' lang='lat' dir='ltr'>cf.</span> <span class='ocrx_word' id='word_1_195' title='bbox 1507 3558 1785 3641; x_wconf 89' lang='lat' dir='ltr'>perculsit</span> <span class='ocrx_word' id='word_1_196' title='bbox 1824 3558 2011 3620; x_wconf 84' lang='lat' dir='ltr'>Amm.</span> <span class='ocrx_word' id='word_1_197' title='bbox 2063 3562 2158 3634; x_wconf 86' lang='lat'>17,</span> <span class='ocrx_word' id='word_1_198' title='bbox 2195 3563 2254 3636; x_wconf 89' lang='lat'>8,</span> <span class='ocrx_word' id='word_1_199' title='bbox 2298 3578 2343 3620; x_wconf 88' lang='lat' dir='ltr'>v.</span> <span class='ocrx_word' id='word_1_200' title='bbox 2389 3560 2425 3622; x_wconf 90' lang='lat' dir='ltr'>i.</span> <span class='ocrx_word' id='word_1_201' title='bbox 2468 3559 2635 3638; x_wconf 88' lang='lat' dir='ltr'>pulsi.</span> 
     </span>
     <span class='ocr_line' id='line_1_34' title="bbox 802 3641 2810 3738; baseline 0.002 -18"><span class='ocrx_word' id='word_1_202' title='bbox 802 3661 930 3724; x_wconf 77' lang='lat' dir='ltr'>fissi</span> <span class='ocrx_word' id='word_1_203' title='bbox 965 3659 1190 3733; x_wconf 83' lang='lat' dir='ltr'>(=fid-</span> <span class='ocrx_word' id='word_1_204' title='bbox 1165 3658 1268 3733; x_wconf 87' lang='lat' dir='ltr'>-si)</span> <span class='ocrx_word' id='word_1_205' title='bbox 1307 3666 1646 3737; x_wconf 83' lang='lat' dir='ltr'>putaverunt</span> <span class='ocrx_word' id='word_1_206' title='bbox 1690 3641 1917 3738; x_wconf 86' lang='lat' dir='ltr'>quidam</span> <span class='ocrx_word' id='word_1_207' title='bbox 1963 3658 2142 3720; x_wconf 84' lang='lat' dir='ltr'>Prisc.</span> <span class='ocrx_word' id='word_1_208' title='bbox 2188 3659 2253 3720; x_wconf 89' lang='lat' dir='ltr'>G.</span> <span class='ocrx_word' id='word_1_209' title='bbox 2298 3659 2360 3722; x_wconf 89' lang='lat' dir='ltr'><strong>L.</strong></span> <span class='ocrx_word' id='word_1_210' title='bbox 2409 3659 2476 3736; x_wconf 86' lang='grc' dir='ltr'><strong>ΙΙ,</strong></span> <span class='ocrx_word' id='word_1_211' title='bbox 2523 3662 2663 3734; x_wconf 84' lang='grc'><strong>517,</strong></span> <span class='ocrx_word' id='word_1_212' title='bbox 2713 3663 2810 3723; x_wconf 88' lang='lat'>14.</span> 
     </span>
    </p>
   </div>
   <div class='ocr_carea' id='block_1_7' title="bbox 840 3810 1056 3816">
    <p class='ocr_par' dir='ltr' id='par_1_10' title="bbox 840 3810 1056 3816">
     <span class='ocr_line' id='line_1_35' title="bbox 840 3810 1056 3816; baseline 0 0"><span class='ocrx_word' id='word_1_213' title='bbox 840 3810 1056 3816; x_wconf 95' lang='lat' dir='ltr'> </span> 
     </span>
    </p>
   </div>
   <div class='ocr_carea' id='block_1_8' title="bbox 638 3888 2879 4042">
    <p class='ocr_par' dir='ltr' id='par_1_11' title="bbox 638 3888 2879 4042">
     <span class='ocr_line' id='line_1_36' title="bbox 775 3888 2866 3954; baseline 0 -14"><span class='ocrx_word' id='word_1_214' title='bbox 775 3889 823 3954; x_wconf 85' lang='grc'>*)</span> <span class='ocrx_word' id='word_1_215' title='bbox 856 3891 883 3904; x_wconf 79' lang='grc'><em>“</em></span> <span class='ocrx_word' id='word_1_216' title='bbox 914 3898 962 3940; x_wconf 84' lang='lat' dir='ltr'>et</span> <span class='ocrx_word' id='word_1_217' title='bbox 985 3891 1014 3899; x_wconf 86' lang='grc'><em>“</em></span> <span class='ocrx_word' id='word_1_218' title='bbox 1035 3889 1086 3938; x_wconf 83' lang='grc' dir='ltr'>ἰι)</span> <span class='ocrx_word' id='word_1_219' title='bbox 1121 3889 1433 3952; x_wconf 77' lang='lat' dir='ltr'>sequentibus</span> <span class='ocrx_word' id='word_1_220' title='bbox 1471 3888 1699 3950; x_wconf 76' lang='lat' dir='ltr'>perfectis</span> <span class='ocrx_word' id='word_1_221' title='bbox 1747 3896 1795 3938; x_wconf 86' lang='lat' dir='ltr'>st</span> <span class='ocrx_word' id='word_1_222' title='bbox 1831 3888 2017 3952; x_wconf 87' lang='lat' dir='ltr'>supinis</span> <span class='ocrx_word' id='word_1_223' title='bbox 2052 3904 2150 3938; x_wconf 82' lang='lat' dir='ltr'>non</span> <span class='ocrx_word' id='word_1_224' title='bbox 2186 3889 2427 3940; x_wconf 75' lang='lat' dir='ltr'>metricam</span> <span class='ocrx_word' id='word_1_225' title='bbox 2464 3889 2674 3953; x_wconf 75' lang='lat' dir='ltr'>syllabas</span> <span class='ocrx_word' id='word_1_226' title='bbox 2710 3905 2866 3954; x_wconf 76' lang='lat' dir='ltr'>qusn-</span> 
     </span>
     <span class='ocr_line' id='line_1_37' title="bbox 638 3970 2879 4042; baseline 0.001 -16"><span class='ocrx_word' id='word_1_227' title='bbox 638 3976 851 4039; x_wconf 69' lang='lat' dir='ltr'>mutem„</span> <span class='ocrx_word' id='word_1_228' title='bbox 873 3973 958 4022; x_wconf 86' lang='lat' dir='ltr'>sed</span> <span class='ocrx_word' id='word_1_229' title='bbox 993 3973 1170 4023; x_wconf 81' lang='lat' dir='ltr'>vocalis</span> <span class='ocrx_word' id='word_1_230' title='bbox 1204 3972 1254 4022; x_wconf 88' lang='lat' dir='ltr'>in</span> <span class='ocrx_word' id='word_1_231' title='bbox 1287 3970 1641 4036; x_wconf 81' lang='lat' dir='ltr'>&#39;pronuntiando</span> <span class='ocrx_word' id='word_1_232' title='bbox 1677 3971 1951 4042; x_wconf 74' lang='lat' dir='ltr'>qualitatem</span> <span class='ocrx_word' id='word_1_233' title='bbox 1988 3973 2258 4036; x_wconf 75' lang='lat' dir='ltr'>significant</span> <span class='ocrx_word' id='word_1_234' title='bbox 2292 3987 2335 4025; x_wconf 83' lang='lat' dir='ltr'>v.</span> <span class='ocrx_word' id='word_1_235' title='bbox 2362 3975 2555 4025; x_wconf 73' lang='lat' dir='ltr'>Lachm.</span> <span class='ocrx_word' id='word_1_236' title='bbox 2592 3975 2651 4024; x_wconf 90' lang='lat' dir='ltr'>ad</span> <span class='ocrx_word' id='word_1_237' title='bbox 2679 3973 2879 4029; x_wconf 81' lang='lat' dir='ltr'>Lucret.</span> 
     </span>
    </p>
   </div>
   <div class='ocr_carea' id='block_1_9' title="bbox 642 4058 936 4127">
    <p class='ocr_par' dir='ltr' id='par_1_12' title="bbox 642 4058 936 4127">
     <span class='ocr_line' id='line_1_38' title="bbox 642 4058 936 4127; baseline -0.007 -17"><span class='ocrx_word' id='word_1_238' title='bbox 642 4059 690 4127; x_wconf 89' lang='lat'>1,</span> <span class='ocrx_word' id='word_1_239' title='bbox 729 4058 826 4110; x_wconf 82' lang='lat'>805</span> <span class='ocrx_word' id='word_1_240' title='bbox 861 4071 936 4120; x_wconf 88' lang='lat' dir='ltr'>sq.</span> 
     </span>
    </p>
   </div>
  </div>
 </body>
</html>
