3109 4825
414 1476 562 1537 Duas
615 1474 806 1555 lingua
859 1475 1030 1537 latina
1074 1474 1134 1535 in
1184 1475 1486 1537 formando
1525 1474 1840 1552 praeterito
1895 1475 2151 1553 perfecto
2206 1473 2325 1535 vias
2381 1494 2474 1535 se-

248 1576 475 1656 quitur:
515 1582 612 1635 aut
652 1575 808 1635 enim
853 1574 1010 1636 solae
1055 1573 1180 1635 eius
1223 1573 1504 1652 temporis
1537 1592 1915 1651 personarum
1962 1574 2397 1635 terminationes
2440 1573 2477 1647 i,

247 1676 344 1735 isti
363 1682 467 1735 etc.
484 1674 641 1735 verbi
672 1674 868 1747 radici,
891 1673 1229 1753 plerumque
1259 1673 1344 1733 vel
1373 1672 1841 1751 reduplicatione,
1869 1674 1955 1735 vel
1981 1674 2193 1735 vocalis
2210 1672 2475 1733 radicalis

247 1774 631 1855 productione
673 1782 887 1846 auctae,
931 1773 1193 1851 proxime
1231 1773 1569 1851 affiguntur-3
1613 1780 1710 1833 aut
1753 1773 2073 1833 mutilatum
2120 1772 2275 1833 verbi
2314 1773 2474 1832 auxi-

247 1880 406 1943 liaris
443 1900 572 1941 esse
611 1881 698 1942 vel
736 1881 861 1941 fore
923 1878 984 1952 (i.
1007 1897 1056 1938 e.
1104 1854 1288 1952 there)
1311 1879 1661 1958 perfectum,
1698 1880 1818 1942 scil.
1852 1879 1933 1954 si,
1987 1879 2113 1939 sisti
2152 1888 2259 1939 etc.
2292 1878 2381 1939 vel
2418 1878 2475 1939 ui

253 1981 376 2056 (vi),
423 1979 561 2042 uisti
589 1980 771 2054 (visti)
815 1986 940 2050 etc.‚
983 1996 1102 2038 non
1146 1986 1314 2039 aucto
1359 1978 1444 2037 vel
1490 1976 1663 2037 etiam
1716 1978 2013 2039 debilitato
2044 1976 2198 2039 verbi
2234 1978 2473 2038 themati

187 2134 190 2139 .
251 2080 648 2159 agglutinatur.
691 2079 944 2151 Quarum
990 2076 1144 2137 illam
1177 2076 1559 2156 antiquiorem
1605 2096 1733 2137 esse
1762 2076 1925 2152 viam,
1968 2086 2219 2156 apparet,
2266 2076 2476 2156 quippe

246 2198 418 2259 quam
463 2177 586 2257 ipsa
624 2176 794 2237 verba
838 2174 1122 2237 auxiliaria
1163 2176 1364 2238 iniisse
1408 2194 1646 2237 necesse
1692 2178 1781 2251 sit,
1824 2177 2155 2256 priusquam
2197 2176 2267 2237 ad
2309 2195 2473 2237 com-

245 2277 574 2358 positorum
619 2278 1009 2355 perfectorum
1051 2274 1458 2336 formationem
1503 2275 1929 2337 adhiberentur.
1999 2276 2183 2338 Porro
2230 2294 2371 2355 quae
2414 2276 2474 2336 in

248 2376 499 2456 simplici
545 2377 816 2456 perfecte,
859 2394 978 2437 non
1022 2374 1400 2454 reduplicato,
1445 2375 1731 2454 reperitur
1775 2375 1985 2438 vocalis
2027 2375 2289 2437 radicalis
2332 2394 2473 2454 pro-

247 2476 474 2548 ductio,
538 2495 602 2536 ea
661 2475 774 2536 nisi
833 2495 900 2536 ex
962 2473 1205 2554 syllabae
1270 2473 1707 2553 reduplicativae
1776 2474 1989 2536 iactura
2056 2475 2295 2535 derivari
2356 2493 2476 2534 non

247 2581 476 2654 potest3
546 2575 710 2654 quin,
772 2574 868 2635 uhi
923 2573 1080 2634 nullo
1125 2591 1291 2640 ¹nunc
1342 2574 1518 2634 modo
1570 2574 1727 2634 verbi
1769 2574 1927 2636 radix
1972 2581 2187 2636 mutata
2238 2573 2477 2648 videtur,

251 2673 392 2733 olim
435 2680 622 2734 tamen
667 2673 1118 2754 reduplicatione
1157 2691 1280 2732 eam
1317 2680 1539 2733 auctam
1582 2673 1777 2750 fuisse,
1822 2692 2103 2734 summam
2148 2673 2267 2734 veri
2312 2672 2476 2736 simi-

247 2771 552 2833 litudinem
598 2773 838 2852 attingit.
927 2772 1089 2833 Unde
1134 2771 1510 2850 intellegitur,
1564 2772 1974 2852 reduplicatam
2018 2772 2297 2852 simplicis
2342 2791 2475 2850 per-

247 2871 384 2932 fecti
445 2873 691 2932 formam
748 2870 1167 2951 antiquissimis
1223 2871 1430 2933 latinae
1499 2870 1726 2950 linguae
1782 2871 2139 2949 temporibus
2197 2871 2361 2932 unice
2416 2871 2475 2931 in

253 2990 360 3032 usu
416 2971 606 3031 fuisse.
693 2970 861 3044 Quod
919 2971 1319 3032 consentiente
1373 2977 1704 3049 agnatarum
1758 2969 2082 3049 linguarum
2140 2969 2475 3030 testimonio

253 3089 603 3149 magnopere
646 3071 1035 3144 confirmatur,
1083 3069 1201 3130 scil.
1248 3069 1563 3129 italicarum
1607 3072 1799 3144 (oscae
1838 3078 1893 3129 et
1946 3069 2275 3144 umbricae),
2324 3087 2479 3148 grae-

252 3189 367 3243 cae,
411 3169 742 3230 hibernicae
787 3169 1014 3242 veteris,
1071 3168 1351 3247 gothicae,
1395 3167 1736 3241 bactrianae,
1778 3169 2106 3244 sanseritae,
2167 3187 2308 3248 quae
2356 3167 2478 3246 pri-

253 3268 509 3329 mitivam
570 3268 723 3328 illam
779 3267 1017 3346 perfecti
1089 3267 1424 3347 reduplicati
1506 3269 1783 3344 formam,
1861 3268 2128 3328 omnibus
2190 3267 2477 3347 quondam

253 3385 637 3440 communem,
699 3375 797 3429 aut
833 3367 1004 3428 latius
1049 3367 1235 3427 adhuc
1277 3374 1630 3445 regnantem,
1672 3375 1767 3427 aut
1810 3385 1947 3427 sane
1991 3366 2311 3428 certissima
2356 3367 2479 3427 eius

257 3466 488 3542 vestigia
536 3466 864 3527 ostendunt.
947 3465 1134 3526 lmmo
1177 3466 1452 3526 sanscrita
1509 3465 1684 3527 etiam
1740 3465 1929 3544 lingua
1988 3466 2477 3545 circumscriptam

197 3634 202 3644 Ι
256 3563 492 3642 perfecti
551 3567 794 3626 formam
855 3573 1178 3626 commenta
1239 3573 1361 3639 est,
1417 3564 1746 3644 composito
1802 3566 2056 3643 perfecto
2118 3564 2293 3624 latino
2345 3565 2482 3624 haut

257 3659 618 3724 dissimilem.
705 3663 911 3724 Omnia
971 3663 1122 3724 enim
1167 3663 1336 3724 verba
1377 3664 1633 3724 decimae
1677 3663 1893 3736 classiS‚
1937 3682 2080 3744 quae
2121 3662 2480 3742 coniugatio-

259 3759 432 3821 nibus
462 3760 651 3822 latinis
686 3763 920 3841 primae,
965 3763 1261 3838 secundae,
1308 3770 1539 3843 quartae
1564 3763 1893 3842 respondet,
1930 3782 2109 3842 porro
2136 3762 2476 3844 polysyllaba

257 3869 316 3921 et
362 3877 506 3938 quae
547 3878 578 3917 a
620 3859 802 3920 vocali
839 3862 1004 3940 longa
1048 3861 1344 3942 incipiunt,
1387 3880 1564 3941 porro
1601 3861 1903 3922 derivativa
1946 3869 2003 3923 et
2034 3861 2308 3941 quaedam
2354 3862 2478 3930 alia,

255 3960 316 4020 in
349 3958 660 4019 formando
693 3959 998 4036 praeterito
1031 3962 1298 4040 perfecto,
1345 3960 1678 4022 substantivi
1712 3960 1970 4032 verbaliS,
2014 3960 2274 4020 feminini
2304 3978 2479 4038 gene-

253 4059 355 4132 ris,
399 4057 784 4119 accusativum
840 4057 900 4119 in
951 4049 1216 4122 am‘cum
1262 4061 1612 4142 reduplicato
1655 4059 1865 4120 radicis
1908 4079 1971 4120 as
2016 4060 2121 4132 (=
2158 4061 2343 4134 es-se)
2395 4060 2479 4119 vel
