3109 4825
1379 471 1477 531 21-
1524 470 1528 474 ’

1465 554 1635 561 -φ--υ

470 629 628 693 bebit
669 632 836 712 Verg.
881 633 1020 696 Aen.
1073 638 1162 709 11,
1208 634 1326 700 804
1365 636 1497 710 (Ρ.).

551 729 896 792 inbeberunt
935 732 1078 794 Bob.
1124 734 1338 813 Symm.
1384 735 1480 807 50,
1524 737 1583 796 7.

468 827 730 889 (ἰδᾱίοὶεῐί
771 829 912 893 Bob.
959 831 1176 911 Symm.
1225 836 1278 905 4,
1318 837 1374 893 5.

553 926 766 988 dadieit
815 929 933 991 Pal.
994 930 1091 991 Ev.
1159 931 1274 994 135
1321 930 1378 990 b.
1426 931 1535 1005 113
1597 930 1771 993 Goth.
1818 930 1915 993 Ev.
1962 933 2040 995 28
2094 930 2152 994 b.
2201 935 2321 1003 143
2386 930 2535 992 Clar.

717 1026 862 1107 Epp.
898 1029 1053 1091 Paul.
1097 1030 1236 1107 486,
1283 1030 1368 1091 6.·

548 1125 843 1187 dedicistis
889 1126 1036 1189 Clar.
1069 1126 1212 1207 Epp.
1232 1128 1388 1190 Paul.
1409 1132 1546 1210 337,
1600 1132 1705 1195 15:
1746 1126 1901 1189 Sess,
1924 1128 2067 1209 Aug.
2099 1127 2262 1207 Spec.
2301 1128 2403 1205 94,
2432 1130 2532 1191 31.
2594 1200 2605 1207 ‚

551 1224 889 1286 dedicerunt
930 1224 1086 1287 Sess.
1131 1226 1274 1305 Aug.
1322 1227 1489 1305 Spec.
1535 1229 1633 1299 72,
1677 1226 1736 1287 9.

551 1322 830 1385 dedicerit
872 1323 1043 1384 Goth.
1087 1324 1187 1386 Ev.
1231 1326 1352 1390 426
1396 1325 1450 1387 b.
1496 1329 1551 1387 5.

567 1486 574 1493 ,
635 1422 708 1482 cf.
749 1422 997 1483 Schucb.
1041 1422 1110 1494 11,
1153 1426 1210 1485 9.

465 1520 782 1582 memordit
826 1518 888 1581 C.
931 1520 995 1581 L..
1036 1521 1244 1584 Laber.
1287 1524 1396 1596 283
1440 1523 1609 1602 Verg.
1653 1522 1797 1584 Aen.
1846 1524 1936 1596 ll,
1981 1524 2098 1586 418
2146 1521 2277 1596 (Ρ.).

545 1619 935 1682 admemordit
979 1616 1064 1681 Pl.
1107 1638 1196 1699 ap.
1241 1619 1383 1682 Gell.
1432 1620 1504 1681 Vl
1549 1616 1715 1694 (vn),
1759 1622 1838 1683 9.·

439 1705 444 1710 ’
548 1718 926 1780 memorderit
968 1718 1114 1781 Eun.
1156 1720 1274 1781 Sat.
1323 1723 1420 1784 36.

544 1817 926 1881 memordisse
970 1817 1031 1880 C.
1076 1818 1142 1879 L.
1189 1820 1319 1878 Atta
1364 1821 1422 1882 6.

371 1965 378 1971 .
463 1920 756 1996 pepugero
798 1915 858 1977 C.
902 1902 968 1977 1'..
1012 1915 1143 1976 Atta
1185 1918 1240 1977 2.

347 2014 354 2023 '
402 2039 407 2045 ·
467 2014 780 2095 spEpondit
823 2014 922 2076 Or.
969 2015 1150 2078 4358.

461 2112 760 2174 Paullatim
805 2122 995 2173 tamen
1040 2112 1100 2173 in
1139 2113 1330 2175 verbis
1373 2131 1503 2173 cum
1543 2112 1775 2174 radicali
1816 2119 1858 2187 ῑ,
1898 2118 1951 2187 ὅ,
1993 2118 2031 2176 ii
2070 2112 2179 2173 bae
2209 2114 2433 2174 vocales
2466 2113 2527 2173 in

294 2212 598 2291 repetitam
642 2230 870 2292 quoque
911 2210 1184 2291 syllabam
1230 2213 1617 2291 irrepserunt,
1659 2230 1901 2292 quorum
1947 2210 2265 2291 analogiam
2310 2211 2428 2272 bibi
2471 2220 2528 2272 et

294 2310 468 2371 didici
522 2311 614 2383 (cf.
661 2309 885 2382 scicidi)
942 2318 1182 2390 propter
1240 2308 1561 2389 praesentia
1623 2310 1759 2371 bibo
1805 2320 1863 2371 et
1905 2310 2067 2372 disco
2128 2310 2269 2372 falso
2332 2321 2523 2372 secuta

297 2420 446 2469 sunt.
534 2408 793 2487 vulgaris
847 2428 983 2470 vero
1039 2429 1234 2472 sermo
1294 2398 1466 2472 etiam
1529 2409 1589 2472 in
1642 2410 1770 2472 aliis
1814 2410 2087 2491 perfectis
2124 2414 2155 2474 e
2200 2410 2460 2491 sequenti
2499 2418 2527 2474 ἲ

295 2506 630 2568 assimilavit
674 2508 742 2568 cf.
1049 2563 1054 2569 .

464 2606 764 2668 cicinimus
806 2605 978 2666 Goth.
1022 2604 1119 2668 Ev.
1166 2611 1242 2672 61
1289 2606 1344 2669 b.
1396 2611 1486 2672 13.

462 2705 606 2766 didit
648 2704 948 2780 (=dedit)
993 2705 1089 2766 Or.
1134 2708 1331 2782 4383;
1375 2707 1472 2768 Or.
1516 2705 1615 2767 Hz.
1662 2707 1841 2770 6183.

546 2802 704 2864 didet
740 2803 883 2865 Bull.
927 2804 1084 2864 arch.
1128 2805 1294 2865 Rom.
1341 2806 1497 2868 1865
1546 2823 1599 2882 p.
1642 2806 1740 2868 37.

628 2901 698 2962 cf.
743 2900 884 2962 sicil.
929 2900 1076 2963 ditti.

463 2999 685 3061 mimini
729 2999 856 3060 Keil
891 3001 1068 3080 praef.
1113 3000 1182 3062 G.
1210 3002 1272 3063 L.
1316 3000 1359 3073 1,
1403 2999 1542 3072 XLI,
1594 3002 1686 3064 16.

461 3159 466 3164 .
547 3152 554 3160 .
630 3100 702 3159 cf.
748 3098 1072 3160 miniscitur
1112 3099 1266 3161 Fest.
1318 3099 1448 3174 122,
1496 3103 1586 3165 18.

462 3197 760 3277 Nunquam
789 3207 980 3259 autem
1012 3202 1066 3273 ii,
1114 3187 1232 3260 n‘on
1268 3197 1547 3272 radicali8‚
1591 3198 1650 3260 in
1681 3197 1949 3278 priorem·
1981 3199 2250 3280 syllabam
2296 3209 2523 3279 recepta

294 3305 400 3371 est,
459 3315 571 3376 quo
619 3297 800 3376 magis
845 3297 1016 3358 etiam
1063 3299 1360 3376 probatur,
1401 3297 1565 3360 tetuli
1608 3316 1639 3357 a
1682 3297 1879 3357 radice
1915 3298 2009 3372 tel,
2066 3317 2182 3359 non
2227 3298 2324 3369 ῑῠΙ,
2365 3297 2523 3358 deri-

294 3394 538 3455 vandum
587 3415 745 3470 esse3
803 3415 1083 3476 nusquam
1131 3397 1283 3456 enim
1329 3395 1495 3457 tatoli
1539 3395 1841 3474 reperitur.
1927 3395 2087 3455 Inter
2131 3398 2343 3456 formas
2388 3396 2522 3458 steti

293 3502 350 3554 et
394 3493 532 3567 suti,
576 3493 907 3574 promiscue
949 3495 1085 3556 olim
1133 3493 1382 3568 usitata8‚
1426 3493 1761 3556 inferiorum
1788 3494 2291 3572 grammaticorum
2339 3493 2521 3554 subti-

291 3592 422 3654 litas
454 3611 658 3653 vanum
689 3592 999 3654 discrimen
1033 3601 1286 3654 statuere
1327 3601 1527 3654 conata
1573 3602 1676 3667 est,
1720 3600 1959 3654 auctore
1982 3593 2163 3654 Gellio
2194 3593 2287 3667 (ΙΙ,
2324 3595 2412 3664 14,
2451 3593 2523 3664 1),

293 3690 392 3772 qui
436 3691 496 3751 in
540 3691 776 3752 Catonis
820 3691 989 3755 Gens,
1033 3694 1294 3753 oratione
1354 3699 1554 3753 contra
1612 3689 1805 3758 Tiber.
1854 3692 2072 3752 exulem
2132 3690 2379 3752 stitisses
2425 3681 2519 3762 (cf,

293 3790 438 3851 Cato
469 3792 567 3861 60,
613 3792 674 3865 3)
715 3789 1018 3869 legendum
1061 3810 1191 3852 esse
1237 3791 1548 3864 contendit,
1596 3790 1748 3870 quod
1770 3788 2156 3882 Jibrariorum
2200 3787 2521 3868 ignorantia

292 3889 353 3950 in
401 3888 662 3974 stetisses
705 3896 1027 3950 correctum
1075 3889 1179 3959 sitz
1224 3889 1360 3952 steti
1405 3888 1558 3949 enim
1602 3908 1631 3949 a
1679 3897 1847 3962 stare,
1902 3889 2020 3950 stiti
2065 3908 2198 3952 vero
2242 3907 2273 3948 a
2314 3888 2518 3950 sistere

288 3985 546 4049 formari.
627 3987 703 4046 At
747 4005 853 4074 nec
897 3986 954 4046 in
1001 3987 1372 4076 simplicibus,
1415 3991 1536 4048 nec'
1556 3987 1617 4048 in
1660 3987 2003 4074 compositis
2051 3988 2163 4049 tale
2206 3987 2518 4049 discrimen

289 4084 735 4164 inscriptionum
778 4085 865 4147 vel
904 4084 1185 4148 librorum
1231 4086 1344 4148 fide
1386 4085 1777 4148 confirmatur.
