3109 4825
1712 414 1791 478 38

807 579 875 639 cf.
921 579 981 639 it.
1024 578 1244 651 bevere,
1290 578 1581 655 bevend03
1622 600 1705 661 sp.
1756 602 1847 663 pg.
1886 580 2065 641 heber
2107 588 2213 641 etc.

806 676 943 758 Sup.
981 676 1226 739 bibitum
1271 685 1329 738 et
1369 686 1512 757 part.
1556 680 1679 743 Fut.
1722 679 2031 754 bibiturus,
2075 699 2124 755 a,
2164 698 2262 740 um
2306 679 2459 742 Eccl.

890 777 957 838 cf.
997 776 1213 838 bibitor
1255 777 1373 839 Sid.
1421 798 1509 857 ep.
1564 784 1613 855 1,
1662 784 1729 851 8;
1772 779 2038 855 ebibitus,
2076 798 2126 852 a,
2173 798 2271 839 um
2302 778 2422 840 Sid.
2452 797 2625 839 carm.
2670 780 2726 850 9,
2771 780 2875 841 39.

724 877 886 949 sisto,
914 874 982 937 ‘is
1026 884 1132 937 etc.
1176 886 1235 937 et
1278 877 1488 939 sistere
1531 898 1565 939 a
1609 879 1801 941 radice
1846 885 1952 954 sta,
1992 877 2410 958 significatione
2452 876 2717 939 factitiva.

803 990 990 1051 Ambo
1054 993 1284 1055 finalem
1350 994 1563 1056 radicis
1619 995 1874 1056 vocalem
1931 1003 2061 1057 ante
2131 993 2383 1055 vocalem
2450 992 2876 1053 coniunctivam

638 1090 876 1151 eiiciunt
917 1111 967 1153 v.
1015 1111 1061 1151 S.

722 1207 936 1280 Restat,
978 1214 1040 1267 ut
1077 1226 1174 1267 eas
1219 1208 1392 1269 etiam
1436 1211 1653 1271 formas
1693 1228 2117 1281 enumeremus,
2160 1227 2305 1289 quae
2339 1208 2400 1269 in
2430 1215 2647 1269 ceteras
2681 1206 2876 1268 coniu-

639 1306 888 1385 gationis
930 1305 1140 1367 latinae
1183 1306 1396 1369 classes
1424 1308 1851 1380 aberraverunt,
1897 1328 2103 1387 nempe
2146 1308 2205 1367 in
2234 1306 2496 1387 primam,
2542 1306 2874 1379 secundam,

641 1414 900 1484 quartam
957 1413 1016 1467 et
1066 1406 1128 1466 in
1185 1406 1653 1489 coniugationem
1705 1408 1766 1469 in
1822 1427 1915 1482 -u,
1973 1408 2045 1468 de
2087 1426 2193 1487 qua
2239 1406 2365 1467 vide
2407 1406 2565 1468 Pauli
2628 1406 2875 1469 historia

639 1503 793 1565 verb.
833 1505 928 1567 lat.
972 1505 1035 1565 in
1083 1525 1156 1567 uo
1201 1506 1366 1569 Stett.
1415 1511 1591 1573 1865.
1698 1507 1844 1568 Tres
1887 1507 2014 1567 illae
2068 1506 2257 1567 addita
2302 1505 2511 1587 syllaba
2554 1506 2607 1586 ὃ]
2654 1505 2874 1567 forma-

640 1613 730 1665 tae
786 1613 920 1664 sunt
977 1613 1035 1665 et
1085 1606 1341 1667 decimae
1400 1606 1790 1686 coniugationi
1848 1604 2162 1667 sanseritae
2204 1605 2587 1685 respondent,
2650 1606 2873 1685 graecis

639 1723 775 1765 vero
807 1703 992 1765 verbis
1022 1704 1082 1765 in
1111 1696 1251 1764 -άω
1287 1712 1343 1765 et
1371 1696 1569 1781 -άζω,
1620 1695 1752 1765 -όω
1799 1714 1857 1765 et
1884 1695 2077 1778 -όζω,
2129 1695 2244 1762 -ἑω
2275 1711 2383 1765 etc.
2416 1706 2522 1779 (=
2546 1703 2688 1784 {ij-w
2706 1713 2875 1780 etc.);

640 1802 782 1863 haec
808 1812 998 1864 autem
1031 1814 1258 1865 octavae
1288 1805 1681 1885 coniugationi
1726 1803 2039 1866 sanscritae
2070 1803 2384 1883 persimilis
2430 1811 2537 1877 est,
2580 1804 2693 1864 nisi
2720 1804 2875 1883 quod

639 1902 892 1962 vocalem
937 1903 1357 1966 coniunctivam
1401 1905 1613 1967 retinet
1653 1906 1722 1967 cf.
1768 1904 1941 1966 etiam
1984 1922 2185 1984 graeca
2230 1902 2399 1964 verba
2442 1902 2504 1963 in
2546 1893 2693 1965 -ύω,

721 2000 747 2059 1
790 2000 1060 2080 Coniug.:

803 2099 987 2173 (dare)
1030 2100 1090 2161 in
1135 2103 1463 2181 composito
1509 2103 1781 2165 mandare
1822 2104 1928 2177 (=
1951 2101 2357 2176 manui-dare),
2397 2102 2466 2163 cf.
2506 2100 2680 2161 etiam

892 2200 994 2261 das
1038 2210 1097 2261 et
1135 2199 1242 2263 da!

773 2304 916 2372 ‘sto,
957 2309 1022 2359 as
1060 2309 1172 2362 etc.
1219 2310 1277 2361 et
1318 2309 1488 2371 stare,
1534 2319 1709 2361 sensu
1754 2299 2137 2361 intransitive.

889 2399 995 2460 Pl't.
1041 2400 1263 2476 (stavi):
1305 2400 1586 2479 praestavi
1630 2398 1753 2480 Dig.
1796 2399 1893 2474 111,
1938 2402 1991 2474 5,
2040 2403 2145 2476 19;
2191 2399 2253 2477 V,
2296 2402 2350 2475 3,
2396 2402 2512 2474 363
2553 2398 2680 2479 Ulp.
2727 2407 2835 2462 etc.

976 2499 1280 2560 restaverit
1323 2499 1498 2579 Prop.
1541 2499 1617 2572 11,
1660 2502 1757 2602 ΒΖΕ,
1802 2502 1900 2564 53.

1730 2617 1753 2648 8

974 2663 1257 2725 adstasint
1312 2664 1414 2736 (=
1464 2663 1875 2737 ad-staverint)
1916 2664 2069 2728 Fest.
2113 2669 2207 2739 26,
2250 2669 2307 2730 3.

890 2764 1027 2844 Sup.
1077 2764 1372 2838 (statum):
1417 2763 1614 2827 statim
1659 2763 1855 2825 Avien.
1900 2764 2059 2827 Arat.
2096 2767 2219 2830 397
2264 2773 2371 2826 etc.

975 2871 1364 2936 consffiturus,
1409 2883 1456 2938 a,
1499 2881 1597 2923 um
1639 2863 1774 2924 Luc.
1817 2864 1925 2925 Ph.
1966 2867 2022 2938 2,
2071 2869 2181 2944 173
2228 2866 2393 2927 Mart.
2446 2869 2534 2938 10,
2581 2871 2650 2928 41
2702 2872 2814 2928 etc.

972 2981 1091 3037 ex-,
1139 2962 1262 3036 ob-,
1309 2970 1721 3043 praestaturus»,
1764 2982 1810 3038 a,
1854 2982 1951 3025 um
1998 2963 2149 3026 Flor.
2192 2964 2316 3046 Dig.
2363 2960 2367 2966 ’

1061 3069 1413 3143 praestatum
1460 3063 1639 3124 Prisc.
1690 3063 1739 3123 G
1796 3064 1864 3127 L.
1906 3064 1981 3139 Π,
2026 3067 2165 3139 474,
2211 3068 2308 3129 20.

1059 3169 1350 3243 praestata
1390 3162 1462 3224 iri
1505 3163 1662 3226 Flor.
1706 3164 1830 3243 Dig.

1060 3269 1412 3342 praestatum
1457 3270 1544 3324 est
1588 3263 1747 3324 Brut.
1790 3281 1879 3342 ep.
1921 3282 2010 3343 ap.
2055 3264 2237 3326 Prisc.
2283 3265 2319 3325 l.
2360 3265 2399 3326 l.

1060 3370 1467 3442 praestaturus.
1524 3381 1575 3437 a,
1628 3381 1725 3423 um
1763 3361 1933 3424 Treb.
1976 3381 2065 3443 ap.
2106 3363 2221 3424 Cic.
2266 3366 2398 3426 fam.
2450 3366 2540 3438 10,
2585 3368 2691 3436 113
2756 3365 2881 3426 Cic.

1141 3481 1230 3542 ep.
1275 3462 1347 3523 ad
1389 3463 1549 3525 Brut.
1601 3467 1650 3537 1,
1696 3465 1804 3536 133
1848 3461 1967 3524 Liv.
2011 3465 2065 3538 8,
2106 3464 2184 3525 34
2229 3470 2335 3524 etc.

1057 3562 1123 3623 cf.
1169 3561 1340 3622 etiam
1381 3570 1723 3641 praestator,
1763 3562 2075 3641 praestatio
2120 3570 2227 3625 etc.

721 3659 773 3719 Π
817 3657 1085 3740 Coniug.:

804 3759 1062 3836 mordeo,
1106 3771 1171 3824 es
1214 3769 1324 3822 etc.
1368 3769 1426 3820 et
1469 3761 1758 3823 mordere.

803 3861 1048 3940 pendeo,
1090 3871 1157 3923 es
1197 3869 1303 3922 etc.
1351 3868 1408 3920 et
1445 3862 1717 3940 pendere,
1762 3881 1935 3924 sensu
1977 3869 2196 3926 neutro.

886 3958 1021 4040 Sup.
1065 3962 1375 4040 (pensum),
1413 3962 1565 4022 unde
1608 3961 1882 4023 adiectiva

971 4059 1270 4140 impensus
1313 4061 1506 4135 (Lucr.
1545 4063 1601 4137 6,
1649 4063 1793 4139 491)
1836 4071 1893 4124 et
1932 4075 2277 4145 propensus,
2316 4083 2365 4141 a,
2409 4083 2506 4126 um
2550 4070 2659 4126 etc.
